%YAML 1.1
%TAG !u! tag:unity3d.com,2011:
--- !u!1 &54222220981775572
GameObject:
  m_ObjectHideFlags: 0
  m_CorrespondingSourceObject: {fileID: 0}
  m_PrefabInstance: {fileID: 0}
  m_PrefabAsset: {fileID: 0}
  serializedVersion: 6
  m_Component:
  - component: {fileID: 2852309774371556576}
  - component: {fileID: 3429910416091193330}
  - component: {fileID: 6240692150125223885}
  - component: {fileID: 5503289034786829006}
  - component: {fileID: 5579581683225986323}
  m_Layer: 0
  m_Name: Soap affect Zone
  m_TagString: Untagged
  m_Icon: {fileID: 0}
  m_NavMeshLayer: 0
  m_StaticEditorFlags: 0
  m_IsActive: 1
--- !u!4 &2852309774371556576
Transform:
  m_ObjectHideFlags: 0
  m_CorrespondingSourceObject: {fileID: 0}
  m_PrefabInstance: {fileID: 0}
  m_PrefabAsset: {fileID: 0}
  m_GameObject: {fileID: 54222220981775572}
  m_LocalRotation: {x: -0, y: -0, z: -0, w: 1}
  m_LocalPosition: {x: 0.842, y: 1, z: 1.1539993}
  m_LocalScale: {x: 0.3, y: 0.3, z: 0.3}
  m_Children: []
  m_Father: {fileID: 146125684186741256}
  m_RootOrder: 8
  m_LocalEulerAnglesHint: {x: 0, y: 0, z: 0}
--- !u!33 &3429910416091193330
MeshFilter:
  m_ObjectHideFlags: 0
  m_CorrespondingSourceObject: {fileID: 0}
  m_PrefabInstance: {fileID: 0}
  m_PrefabAsset: {fileID: 0}
  m_GameObject: {fileID: 54222220981775572}
  m_Mesh: {fileID: 10202, guid: 0000000000000000e000000000000000, type: 0}
--- !u!23 &6240692150125223885
MeshRenderer:
  m_ObjectHideFlags: 0
  m_CorrespondingSourceObject: {fileID: 0}
  m_PrefabInstance: {fileID: 0}
  m_PrefabAsset: {fileID: 0}
  m_GameObject: {fileID: 54222220981775572}
  m_Enabled: 0
  m_CastShadows: 1
  m_ReceiveShadows: 1
  m_DynamicOccludee: 1
  m_MotionVectors: 1
  m_LightProbeUsage: 1
  m_ReflectionProbeUsage: 1
  m_RayTracingMode: 2
  m_RenderingLayerMask: 1
  m_RendererPriority: 0
  m_Materials:
  - {fileID: 0}
  m_StaticBatchInfo:
    firstSubMesh: 0
    subMeshCount: 0
  m_StaticBatchRoot: {fileID: 0}
  m_ProbeAnchor: {fileID: 0}
  m_LightProbeVolumeOverride: {fileID: 0}
  m_ScaleInLightmap: 1
  m_ReceiveGI: 1
  m_PreserveUVs: 0
  m_IgnoreNormalsForChartDetection: 0
  m_ImportantGI: 0
  m_StitchLightmapSeams: 1
  m_SelectedEditorRenderState: 3
  m_MinimumChartSize: 4
  m_AutoUVMaxDistance: 0.5
  m_AutoUVMaxAngle: 89
  m_LightmapParameters: {fileID: 0}
  m_SortingLayerID: 0
  m_SortingLayer: 0
  m_SortingOrder: 0
--- !u!65 &5503289034786829006
BoxCollider:
  m_ObjectHideFlags: 0
  m_CorrespondingSourceObject: {fileID: 0}
  m_PrefabInstance: {fileID: 0}
  m_PrefabAsset: {fileID: 0}
  m_GameObject: {fileID: 54222220981775572}
  m_Material: {fileID: 0}
  m_IsTrigger: 1
  m_Enabled: 1
  serializedVersion: 2
  m_Size: {x: 32.71, y: 1, z: 26.24}
  m_Center: {x: -3, y: 0, z: -11}
--- !u!114 &5579581683225986323
MonoBehaviour:
  m_ObjectHideFlags: 0
  m_CorrespondingSourceObject: {fileID: 0}
  m_PrefabInstance: {fileID: 0}
  m_PrefabAsset: {fileID: 0}
  m_GameObject: {fileID: 54222220981775572}
  m_Enabled: 1
  m_EditorHideFlags: 0
  m_Script: {fileID: 11500000, guid: 797cb5ff8f3edce40b5a4eb5112d0141, type: 3}
  m_Name: 
  m_EditorClassIdentifier: 
  _movementSpeedPercent: 4
  OnSpeedEnter:
    _PersistentCalls: []
  OnSpeedStay:
    _PersistentCalls: []
  OnSpeedExit:
    _PersistentCalls: []
--- !u!1 &2053864671314659281
GameObject:
  m_ObjectHideFlags: 0
  m_CorrespondingSourceObject: {fileID: 0}
  m_PrefabInstance: {fileID: 0}
  m_PrefabAsset: {fileID: 0}
  serializedVersion: 6
  m_Component:
  - component: {fileID: 146125684186741256}
  m_Layer: 0
  m_Name: Soap Puddle
  m_TagString: Untagged
  m_Icon: {fileID: 0}
  m_NavMeshLayer: 0
  m_StaticEditorFlags: 0
  m_IsActive: 1
--- !u!4 &146125684186741256
Transform:
  m_ObjectHideFlags: 0
  m_CorrespondingSourceObject: {fileID: 0}
  m_PrefabInstance: {fileID: 0}
  m_PrefabAsset: {fileID: 0}
  m_GameObject: {fileID: 2053864671314659281}
  m_LocalRotation: {x: 0, y: 0, z: 0, w: 1}
  m_LocalPosition: {x: -9.85, y: 0, z: 14.99}
  m_LocalScale: {x: 1, y: 1, z: 1}
  m_Children:
  - {fileID: 105500040059208512}
  - {fileID: 277348028877507261}
  - {fileID: 8643827677919769886}
  - {fileID: 9192768188665439809}
  - {fileID: 6355799993664623980}
  - {fileID: 4951995019688761049}
  - {fileID: 6944499568568054232}
  - {fileID: 4605325586655148184}
  - {fileID: 2852309774371556576}
  m_Father: {fileID: 0}
  m_RootOrder: 0
  m_LocalEulerAnglesHint: {x: 0, y: 0, z: 0}
--- !u!1001 &127140881656774083
PrefabInstance:
  m_ObjectHideFlags: 0
  serializedVersion: 2
  m_Modification:
    m_TransformParent: {fileID: 146125684186741256}
    m_Modifications:
    - target: {fileID: -4216859302048453862, guid: ac3e493089eab5142bc3fd86198d6a6e,
        type: 3}
      propertyPath: m_LocalPosition.x
      value: 2.2500005
      objectReference: {fileID: 0}
    - target: {fileID: -4216859302048453862, guid: ac3e493089eab5142bc3fd86198d6a6e,
        type: 3}
      propertyPath: m_LocalPosition.y
      value: 0.1
      objectReference: {fileID: 0}
    - target: {fileID: -4216859302048453862, guid: ac3e493089eab5142bc3fd86198d6a6e,
        type: 3}
      propertyPath: m_LocalPosition.z
      value: -2.1899996
      objectReference: {fileID: 0}
    - target: {fileID: -4216859302048453862, guid: ac3e493089eab5142bc3fd86198d6a6e,
        type: 3}
      propertyPath: m_LocalRotation.x
      value: -0
      objectReference: {fileID: 0}
    - target: {fileID: -4216859302048453862, guid: ac3e493089eab5142bc3fd86198d6a6e,
        type: 3}
      propertyPath: m_LocalRotation.y
      value: -0
      objectReference: {fileID: 0}
    - target: {fileID: -4216859302048453862, guid: ac3e493089eab5142bc3fd86198d6a6e,
        type: 3}
      propertyPath: m_LocalRotation.z
      value: -0
      objectReference: {fileID: 0}
    - target: {fileID: -4216859302048453862, guid: ac3e493089eab5142bc3fd86198d6a6e,
        type: 3}
      propertyPath: m_LocalRotation.w
      value: 1
      objectReference: {fileID: 0}
    - target: {fileID: -4216859302048453862, guid: ac3e493089eab5142bc3fd86198d6a6e,
        type: 3}
      propertyPath: m_RootOrder
      value: 5
      objectReference: {fileID: 0}
    - target: {fileID: -4216859302048453862, guid: ac3e493089eab5142bc3fd86198d6a6e,
        type: 3}
      propertyPath: m_LocalEulerAnglesHint.x
      value: 0
      objectReference: {fileID: 0}
    - target: {fileID: -4216859302048453862, guid: ac3e493089eab5142bc3fd86198d6a6e,
        type: 3}
      propertyPath: m_LocalEulerAnglesHint.y
      value: 0
      objectReference: {fileID: 0}
    - target: {fileID: -4216859302048453862, guid: ac3e493089eab5142bc3fd86198d6a6e,
        type: 3}
      propertyPath: m_LocalEulerAnglesHint.z
      value: 0
      objectReference: {fileID: 0}
    - target: {fileID: -4216859302048453862, guid: ac3e493089eab5142bc3fd86198d6a6e,
        type: 3}
      propertyPath: m_LocalScale.x
      value: 3
      objectReference: {fileID: 0}
    - target: {fileID: -4216859302048453862, guid: ac3e493089eab5142bc3fd86198d6a6e,
        type: 3}
      propertyPath: m_LocalScale.y
      value: 1
      objectReference: {fileID: 0}
    - target: {fileID: -4216859302048453862, guid: ac3e493089eab5142bc3fd86198d6a6e,
        type: 3}
      propertyPath: m_LocalScale.z
      value: 3
      objectReference: {fileID: 0}
    - target: {fileID: -1504981713932161579, guid: ac3e493089eab5142bc3fd86198d6a6e,
        type: 3}
      propertyPath: m_Materials.Array.data[0]
      value: 
      objectReference: {fileID: 2100000, guid: 033d869542a31a145861838a5137fc76, type: 2}
    - target: {fileID: -927199367670048503, guid: ac3e493089eab5142bc3fd86198d6a6e,
        type: 3}
      propertyPath: m_Name
      value: SM_GluePuddle (5)
      objectReference: {fileID: 0}
    - target: {fileID: -927199367670048503, guid: ac3e493089eab5142bc3fd86198d6a6e,
        type: 3}
      propertyPath: m_Layer
      value: 9
      objectReference: {fileID: 0}
    m_RemovedComponents: []
  m_SourcePrefab: {fileID: 100100000, guid: ac3e493089eab5142bc3fd86198d6a6e, type: 3}
--- !u!4 &4951995019688761049 stripped
Transform:
  m_CorrespondingSourceObject: {fileID: -4216859302048453862, guid: ac3e493089eab5142bc3fd86198d6a6e,
    type: 3}
  m_PrefabInstance: {fileID: 127140881656774083}
  m_PrefabAsset: {fileID: 0}
--- !u!1001 &2111874477680164470
PrefabInstance:
  m_ObjectHideFlags: 0
  serializedVersion: 2
  m_Modification:
    m_TransformParent: {fileID: 146125684186741256}
    m_Modifications:
    - target: {fileID: -4216859302048453862, guid: ac3e493089eab5142bc3fd86198d6a6e,
        type: 3}
      propertyPath: m_LocalPosition.x
      value: 3.4100003
      objectReference: {fileID: 0}
    - target: {fileID: -4216859302048453862, guid: ac3e493089eab5142bc3fd86198d6a6e,
        type: 3}
      propertyPath: m_LocalPosition.y
      value: 0.1
      objectReference: {fileID: 0}
    - target: {fileID: -4216859302048453862, guid: ac3e493089eab5142bc3fd86198d6a6e,
        type: 3}
      propertyPath: m_LocalPosition.z
      value: 0.3000002
      objectReference: {fileID: 0}
    - target: {fileID: -4216859302048453862, guid: ac3e493089eab5142bc3fd86198d6a6e,
        type: 3}
      propertyPath: m_LocalRotation.x
      value: -0
      objectReference: {fileID: 0}
    - target: {fileID: -4216859302048453862, guid: ac3e493089eab5142bc3fd86198d6a6e,
        type: 3}
      propertyPath: m_LocalRotation.y
      value: -0
      objectReference: {fileID: 0}
    - target: {fileID: -4216859302048453862, guid: ac3e493089eab5142bc3fd86198d6a6e,
        type: 3}
      propertyPath: m_LocalRotation.z
      value: -0
      objectReference: {fileID: 0}
    - target: {fileID: -4216859302048453862, guid: ac3e493089eab5142bc3fd86198d6a6e,
        type: 3}
      propertyPath: m_LocalRotation.w
      value: 1
      objectReference: {fileID: 0}
    - target: {fileID: -4216859302048453862, guid: ac3e493089eab5142bc3fd86198d6a6e,
        type: 3}
      propertyPath: m_RootOrder
      value: 4
      objectReference: {fileID: 0}
    - target: {fileID: -4216859302048453862, guid: ac3e493089eab5142bc3fd86198d6a6e,
        type: 3}
      propertyPath: m_LocalEulerAnglesHint.x
      value: 0
      objectReference: {fileID: 0}
    - target: {fileID: -4216859302048453862, guid: ac3e493089eab5142bc3fd86198d6a6e,
        type: 3}
      propertyPath: m_LocalEulerAnglesHint.y
      value: 0
      objectReference: {fileID: 0}
    - target: {fileID: -4216859302048453862, guid: ac3e493089eab5142bc3fd86198d6a6e,
        type: 3}
      propertyPath: m_LocalEulerAnglesHint.z
      value: 0
      objectReference: {fileID: 0}
    - target: {fileID: -4216859302048453862, guid: ac3e493089eab5142bc3fd86198d6a6e,
        type: 3}
      propertyPath: m_LocalScale.x
      value: 3
      objectReference: {fileID: 0}
    - target: {fileID: -4216859302048453862, guid: ac3e493089eab5142bc3fd86198d6a6e,
        type: 3}
      propertyPath: m_LocalScale.y
      value: 1
      objectReference: {fileID: 0}
    - target: {fileID: -4216859302048453862, guid: ac3e493089eab5142bc3fd86198d6a6e,
        type: 3}
      propertyPath: m_LocalScale.z
      value: 3
      objectReference: {fileID: 0}
    - target: {fileID: -1504981713932161579, guid: ac3e493089eab5142bc3fd86198d6a6e,
        type: 3}
      propertyPath: m_Materials.Array.data[0]
      value: 
      objectReference: {fileID: 2100000, guid: 033d869542a31a145861838a5137fc76, type: 2}
    - target: {fileID: -927199367670048503, guid: ac3e493089eab5142bc3fd86198d6a6e,
        type: 3}
      propertyPath: m_Name
      value: SM_GluePuddle (4)
      objectReference: {fileID: 0}
    - target: {fileID: -927199367670048503, guid: ac3e493089eab5142bc3fd86198d6a6e,
        type: 3}
      propertyPath: m_Layer
      value: 9
      objectReference: {fileID: 0}
    m_RemovedComponents: []
  m_SourcePrefab: {fileID: 100100000, guid: ac3e493089eab5142bc3fd86198d6a6e, type: 3}
--- !u!4 &6355799993664623980 stripped
Transform:
  m_CorrespondingSourceObject: {fileID: -4216859302048453862, guid: ac3e493089eab5142bc3fd86198d6a6e,
    type: 3}
  m_PrefabInstance: {fileID: 2111874477680164470}
  m_PrefabAsset: {fileID: 0}
--- !u!1001 &2676657011814537922
PrefabInstance:
  m_ObjectHideFlags: 0
  serializedVersion: 2
  m_Modification:
    m_TransformParent: {fileID: 146125684186741256}
    m_Modifications:
    - target: {fileID: -4216859302048453862, guid: ac3e493089eab5142bc3fd86198d6a6e,
        type: 3}
      propertyPath: m_LocalPosition.x
      value: 0.2300005
      objectReference: {fileID: 0}
    - target: {fileID: -4216859302048453862, guid: ac3e493089eab5142bc3fd86198d6a6e,
        type: 3}
      propertyPath: m_LocalPosition.y
      value: 0.1
      objectReference: {fileID: 0}
    - target: {fileID: -4216859302048453862, guid: ac3e493089eab5142bc3fd86198d6a6e,
        type: 3}
      propertyPath: m_LocalPosition.z
      value: -4.6499996
      objectReference: {fileID: 0}
    - target: {fileID: -4216859302048453862, guid: ac3e493089eab5142bc3fd86198d6a6e,
        type: 3}
      propertyPath: m_LocalRotation.x
      value: -0
      objectReference: {fileID: 0}
    - target: {fileID: -4216859302048453862, guid: ac3e493089eab5142bc3fd86198d6a6e,
        type: 3}
      propertyPath: m_LocalRotation.y
      value: -0
      objectReference: {fileID: 0}
    - target: {fileID: -4216859302048453862, guid: ac3e493089eab5142bc3fd86198d6a6e,
        type: 3}
      propertyPath: m_LocalRotation.z
      value: -0
      objectReference: {fileID: 0}
    - target: {fileID: -4216859302048453862, guid: ac3e493089eab5142bc3fd86198d6a6e,
        type: 3}
      propertyPath: m_LocalRotation.w
      value: 1
      objectReference: {fileID: 0}
    - target: {fileID: -4216859302048453862, guid: ac3e493089eab5142bc3fd86198d6a6e,
        type: 3}
      propertyPath: m_RootOrder
      value: 6
      objectReference: {fileID: 0}
    - target: {fileID: -4216859302048453862, guid: ac3e493089eab5142bc3fd86198d6a6e,
        type: 3}
      propertyPath: m_LocalEulerAnglesHint.x
      value: 0
      objectReference: {fileID: 0}
    - target: {fileID: -4216859302048453862, guid: ac3e493089eab5142bc3fd86198d6a6e,
        type: 3}
      propertyPath: m_LocalEulerAnglesHint.y
      value: 0
      objectReference: {fileID: 0}
    - target: {fileID: -4216859302048453862, guid: ac3e493089eab5142bc3fd86198d6a6e,
        type: 3}
      propertyPath: m_LocalEulerAnglesHint.z
      value: 0
      objectReference: {fileID: 0}
    - target: {fileID: -4216859302048453862, guid: ac3e493089eab5142bc3fd86198d6a6e,
        type: 3}
      propertyPath: m_LocalScale.x
      value: 3
      objectReference: {fileID: 0}
    - target: {fileID: -4216859302048453862, guid: ac3e493089eab5142bc3fd86198d6a6e,
        type: 3}
      propertyPath: m_LocalScale.y
      value: 1
      objectReference: {fileID: 0}
    - target: {fileID: -4216859302048453862, guid: ac3e493089eab5142bc3fd86198d6a6e,
        type: 3}
      propertyPath: m_LocalScale.z
      value: 3
      objectReference: {fileID: 0}
    - target: {fileID: -1504981713932161579, guid: ac3e493089eab5142bc3fd86198d6a6e,
        type: 3}
      propertyPath: m_Materials.Array.data[0]
      value: 
      objectReference: {fileID: 2100000, guid: 033d869542a31a145861838a5137fc76, type: 2}
    - target: {fileID: -927199367670048503, guid: ac3e493089eab5142bc3fd86198d6a6e,
        type: 3}
      propertyPath: m_Name
      value: SM_GluePuddle (6)
      objectReference: {fileID: 0}
    - target: {fileID: -927199367670048503, guid: ac3e493089eab5142bc3fd86198d6a6e,
        type: 3}
      propertyPath: m_Layer
      value: 9
      objectReference: {fileID: 0}
    m_RemovedComponents: []
  m_SourcePrefab: {fileID: 100100000, guid: ac3e493089eab5142bc3fd86198d6a6e, type: 3}
--- !u!4 &6944499568568054232 stripped
Transform:
  m_CorrespondingSourceObject: {fileID: -4216859302048453862, guid: ac3e493089eab5142bc3fd86198d6a6e,
    type: 3}
  m_PrefabInstance: {fileID: 2676657011814537922}
  m_PrefabAsset: {fileID: 0}
--- !u!1001 &3643341417935363588
PrefabInstance:
  m_ObjectHideFlags: 0
  serializedVersion: 2
  m_Modification:
    m_TransformParent: {fileID: 146125684186741256}
    m_Modifications:
    - target: {fileID: -4216859302048453862, guid: ac3e493089eab5142bc3fd86198d6a6e,
        type: 3}
      propertyPath: m_LocalPosition.x
      value: -1.54
      objectReference: {fileID: 0}
    - target: {fileID: -4216859302048453862, guid: ac3e493089eab5142bc3fd86198d6a6e,
        type: 3}
      propertyPath: m_LocalPosition.y
      value: 0.1
      objectReference: {fileID: 0}
    - target: {fileID: -4216859302048453862, guid: ac3e493089eab5142bc3fd86198d6a6e,
        type: 3}
      propertyPath: m_LocalPosition.z
      value: -2.58
      objectReference: {fileID: 0}
    - target: {fileID: -4216859302048453862, guid: ac3e493089eab5142bc3fd86198d6a6e,
        type: 3}
      propertyPath: m_LocalRotation.x
      value: -0
      objectReference: {fileID: 0}
    - target: {fileID: -4216859302048453862, guid: ac3e493089eab5142bc3fd86198d6a6e,
        type: 3}
      propertyPath: m_LocalRotation.y
      value: -0
      objectReference: {fileID: 0}
    - target: {fileID: -4216859302048453862, guid: ac3e493089eab5142bc3fd86198d6a6e,
        type: 3}
      propertyPath: m_LocalRotation.z
      value: -0
      objectReference: {fileID: 0}
    - target: {fileID: -4216859302048453862, guid: ac3e493089eab5142bc3fd86198d6a6e,
        type: 3}
      propertyPath: m_LocalRotation.w
      value: 1
      objectReference: {fileID: 0}
    - target: {fileID: -4216859302048453862, guid: ac3e493089eab5142bc3fd86198d6a6e,
        type: 3}
      propertyPath: m_RootOrder
      value: 2
      objectReference: {fileID: 0}
    - target: {fileID: -4216859302048453862, guid: ac3e493089eab5142bc3fd86198d6a6e,
        type: 3}
      propertyPath: m_LocalEulerAnglesHint.x
      value: 0
      objectReference: {fileID: 0}
    - target: {fileID: -4216859302048453862, guid: ac3e493089eab5142bc3fd86198d6a6e,
        type: 3}
      propertyPath: m_LocalEulerAnglesHint.y
      value: 0
      objectReference: {fileID: 0}
    - target: {fileID: -4216859302048453862, guid: ac3e493089eab5142bc3fd86198d6a6e,
        type: 3}
      propertyPath: m_LocalEulerAnglesHint.z
      value: 0
      objectReference: {fileID: 0}
    - target: {fileID: -4216859302048453862, guid: ac3e493089eab5142bc3fd86198d6a6e,
        type: 3}
      propertyPath: m_LocalScale.x
      value: 3
      objectReference: {fileID: 0}
    - target: {fileID: -4216859302048453862, guid: ac3e493089eab5142bc3fd86198d6a6e,
        type: 3}
      propertyPath: m_LocalScale.y
      value: 1
      objectReference: {fileID: 0}
    - target: {fileID: -4216859302048453862, guid: ac3e493089eab5142bc3fd86198d6a6e,
        type: 3}
      propertyPath: m_LocalScale.z
      value: 3
      objectReference: {fileID: 0}
    - target: {fileID: -1504981713932161579, guid: ac3e493089eab5142bc3fd86198d6a6e,
        type: 3}
      propertyPath: m_Materials.Array.data[0]
      value: 
      objectReference: {fileID: 2100000, guid: 033d869542a31a145861838a5137fc76, type: 2}
    - target: {fileID: -927199367670048503, guid: ac3e493089eab5142bc3fd86198d6a6e,
        type: 3}
      propertyPath: m_Name
      value: SM_GluePuddle (2)
      objectReference: {fileID: 0}
    - target: {fileID: -927199367670048503, guid: ac3e493089eab5142bc3fd86198d6a6e,
        type: 3}
      propertyPath: m_Layer
      value: 9
      objectReference: {fileID: 0}
    m_RemovedComponents: []
  m_SourcePrefab: {fileID: 100100000, guid: ac3e493089eab5142bc3fd86198d6a6e, type: 3}
--- !u!4 &8643827677919769886 stripped
Transform:
  m_CorrespondingSourceObject: {fileID: -4216859302048453862, guid: ac3e493089eab5142bc3fd86198d6a6e,
    type: 3}
  m_PrefabInstance: {fileID: 3643341417935363588}
  m_PrefabAsset: {fileID: 0}
--- !u!1001 &4245189350124653915
PrefabInstance:
  m_ObjectHideFlags: 0
  serializedVersion: 2
  m_Modification:
    m_TransformParent: {fileID: 146125684186741256}
    m_Modifications:
    - target: {fileID: -4216859302048453862, guid: ac3e493089eab5142bc3fd86198d6a6e,
        type: 3}
      propertyPath: m_LocalPosition.x
      value: 0.47000027
      objectReference: {fileID: 0}
    - target: {fileID: -4216859302048453862, guid: ac3e493089eab5142bc3fd86198d6a6e,
        type: 3}
      propertyPath: m_LocalPosition.y
      value: 0.1
      objectReference: {fileID: 0}
    - target: {fileID: -4216859302048453862, guid: ac3e493089eab5142bc3fd86198d6a6e,
        type: 3}
      propertyPath: m_LocalPosition.z
      value: -0.5199995
      objectReference: {fileID: 0}
    - target: {fileID: -4216859302048453862, guid: ac3e493089eab5142bc3fd86198d6a6e,
        type: 3}
      propertyPath: m_LocalRotation.x
      value: -0
      objectReference: {fileID: 0}
    - target: {fileID: -4216859302048453862, guid: ac3e493089eab5142bc3fd86198d6a6e,
        type: 3}
      propertyPath: m_LocalRotation.y
      value: -0
      objectReference: {fileID: 0}
    - target: {fileID: -4216859302048453862, guid: ac3e493089eab5142bc3fd86198d6a6e,
        type: 3}
      propertyPath: m_LocalRotation.z
      value: -0
      objectReference: {fileID: 0}
    - target: {fileID: -4216859302048453862, guid: ac3e493089eab5142bc3fd86198d6a6e,
        type: 3}
      propertyPath: m_LocalRotation.w
      value: 1
      objectReference: {fileID: 0}
    - target: {fileID: -4216859302048453862, guid: ac3e493089eab5142bc3fd86198d6a6e,
        type: 3}
      propertyPath: m_RootOrder
      value: 3
      objectReference: {fileID: 0}
    - target: {fileID: -4216859302048453862, guid: ac3e493089eab5142bc3fd86198d6a6e,
        type: 3}
      propertyPath: m_LocalEulerAnglesHint.x
      value: 0
      objectReference: {fileID: 0}
    - target: {fileID: -4216859302048453862, guid: ac3e493089eab5142bc3fd86198d6a6e,
        type: 3}
      propertyPath: m_LocalEulerAnglesHint.y
      value: 0
      objectReference: {fileID: 0}
    - target: {fileID: -4216859302048453862, guid: ac3e493089eab5142bc3fd86198d6a6e,
        type: 3}
      propertyPath: m_LocalEulerAnglesHint.z
      value: 0
      objectReference: {fileID: 0}
    - target: {fileID: -4216859302048453862, guid: ac3e493089eab5142bc3fd86198d6a6e,
        type: 3}
      propertyPath: m_LocalScale.x
      value: 3
      objectReference: {fileID: 0}
    - target: {fileID: -4216859302048453862, guid: ac3e493089eab5142bc3fd86198d6a6e,
        type: 3}
      propertyPath: m_LocalScale.y
      value: 1
      objectReference: {fileID: 0}
    - target: {fileID: -4216859302048453862, guid: ac3e493089eab5142bc3fd86198d6a6e,
        type: 3}
      propertyPath: m_LocalScale.z
      value: 3
      objectReference: {fileID: 0}
    - target: {fileID: -1504981713932161579, guid: ac3e493089eab5142bc3fd86198d6a6e,
        type: 3}
      propertyPath: m_Materials.Array.data[0]
      value: 
      objectReference: {fileID: 2100000, guid: 033d869542a31a145861838a5137fc76, type: 2}
    - target: {fileID: -927199367670048503, guid: ac3e493089eab5142bc3fd86198d6a6e,
        type: 3}
      propertyPath: m_Name
      value: SM_GluePuddle (3)
      objectReference: {fileID: 0}
    - target: {fileID: -927199367670048503, guid: ac3e493089eab5142bc3fd86198d6a6e,
        type: 3}
      propertyPath: m_Layer
      value: 9
      objectReference: {fileID: 0}
    m_RemovedComponents: []
  m_SourcePrefab: {fileID: 100100000, guid: ac3e493089eab5142bc3fd86198d6a6e, type: 3}
--- !u!4 &9192768188665439809 stripped
Transform:
  m_CorrespondingSourceObject: {fileID: -4216859302048453862, guid: ac3e493089eab5142bc3fd86198d6a6e,
    type: 3}
  m_PrefabInstance: {fileID: 4245189350124653915}
  m_PrefabAsset: {fileID: 0}
--- !u!1001 &4903429835568539738
PrefabInstance:
  m_ObjectHideFlags: 0
  serializedVersion: 2
  m_Modification:
    m_TransformParent: {fileID: 146125684186741256}
    m_Modifications:
    - target: {fileID: -4216859302048453862, guid: ac3e493089eab5142bc3fd86198d6a6e,
        type: 3}
      propertyPath: m_LocalPosition.x
      value: -3.37
      objectReference: {fileID: 0}
    - target: {fileID: -4216859302048453862, guid: ac3e493089eab5142bc3fd86198d6a6e,
        type: 3}
      propertyPath: m_LocalPosition.y
      value: 0.1
      objectReference: {fileID: 0}
    - target: {fileID: -4216859302048453862, guid: ac3e493089eab5142bc3fd86198d6a6e,
        type: 3}
      propertyPath: m_LocalPosition.z
      value: -4.88
      objectReference: {fileID: 0}
    - target: {fileID: -4216859302048453862, guid: ac3e493089eab5142bc3fd86198d6a6e,
        type: 3}
      propertyPath: m_LocalRotation.x
      value: -0
      objectReference: {fileID: 0}
    - target: {fileID: -4216859302048453862, guid: ac3e493089eab5142bc3fd86198d6a6e,
        type: 3}
      propertyPath: m_LocalRotation.y
      value: -0
      objectReference: {fileID: 0}
    - target: {fileID: -4216859302048453862, guid: ac3e493089eab5142bc3fd86198d6a6e,
        type: 3}
      propertyPath: m_LocalRotation.z
      value: -0
      objectReference: {fileID: 0}
    - target: {fileID: -4216859302048453862, guid: ac3e493089eab5142bc3fd86198d6a6e,
        type: 3}
      propertyPath: m_LocalRotation.w
      value: 1
      objectReference: {fileID: 0}
    - target: {fileID: -4216859302048453862, guid: ac3e493089eab5142bc3fd86198d6a6e,
        type: 3}
      propertyPath: m_RootOrder
      value: 0
      objectReference: {fileID: 0}
    - target: {fileID: -4216859302048453862, guid: ac3e493089eab5142bc3fd86198d6a6e,
        type: 3}
      propertyPath: m_LocalEulerAnglesHint.x
      value: 0
      objectReference: {fileID: 0}
    - target: {fileID: -4216859302048453862, guid: ac3e493089eab5142bc3fd86198d6a6e,
        type: 3}
      propertyPath: m_LocalEulerAnglesHint.y
      value: 0
      objectReference: {fileID: 0}
    - target: {fileID: -4216859302048453862, guid: ac3e493089eab5142bc3fd86198d6a6e,
        type: 3}
      propertyPath: m_LocalEulerAnglesHint.z
      value: 0
      objectReference: {fileID: 0}
    - target: {fileID: -4216859302048453862, guid: ac3e493089eab5142bc3fd86198d6a6e,
        type: 3}
      propertyPath: m_LocalScale.x
      value: 3
      objectReference: {fileID: 0}
    - target: {fileID: -4216859302048453862, guid: ac3e493089eab5142bc3fd86198d6a6e,
        type: 3}
      propertyPath: m_LocalScale.y
      value: 1
      objectReference: {fileID: 0}
    - target: {fileID: -4216859302048453862, guid: ac3e493089eab5142bc3fd86198d6a6e,
        type: 3}
      propertyPath: m_LocalScale.z
      value: 3
      objectReference: {fileID: 0}
    - target: {fileID: -1504981713932161579, guid: ac3e493089eab5142bc3fd86198d6a6e,
        type: 3}
      propertyPath: m_Materials.Array.data[0]
      value: 
      objectReference: {fileID: 2100000, guid: 033d869542a31a145861838a5137fc76, type: 2}
    - target: {fileID: -927199367670048503, guid: ac3e493089eab5142bc3fd86198d6a6e,
        type: 3}
      propertyPath: m_Name
      value: SM_GluePuddle
      objectReference: {fileID: 0}
    - target: {fileID: -927199367670048503, guid: ac3e493089eab5142bc3fd86198d6a6e,
        type: 3}
      propertyPath: m_Layer
      value: 9
      objectReference: {fileID: 0}
    m_RemovedComponents: []
  m_SourcePrefab: {fileID: 100100000, guid: ac3e493089eab5142bc3fd86198d6a6e, type: 3}
--- !u!4 &105500040059208512 stripped
Transform:
  m_CorrespondingSourceObject: {fileID: -4216859302048453862, guid: ac3e493089eab5142bc3fd86198d6a6e,
    type: 3}
  m_PrefabInstance: {fileID: 4903429835568539738}
  m_PrefabAsset: {fileID: 0}
--- !u!1001 &5090160899730153895
PrefabInstance:
  m_ObjectHideFlags: 0
  serializedVersion: 2
  m_Modification:
    m_TransformParent: {fileID: 146125684186741256}
    m_Modifications:
    - target: {fileID: -4216859302048453862, guid: ac3e493089eab5142bc3fd86198d6a6e,
        type: 3}
      propertyPath: m_LocalPosition.x
      value: -3.6499996
      objectReference: {fileID: 0}
    - target: {fileID: -4216859302048453862, guid: ac3e493089eab5142bc3fd86198d6a6e,
        type: 3}
      propertyPath: m_LocalPosition.y
      value: 0.1
      objectReference: {fileID: 0}
    - target: {fileID: -4216859302048453862, guid: ac3e493089eab5142bc3fd86198d6a6e,
        type: 3}
      propertyPath: m_LocalPosition.z
      value: -0.65999985
      objectReference: {fileID: 0}
    - target: {fileID: -4216859302048453862, guid: ac3e493089eab5142bc3fd86198d6a6e,
        type: 3}
      propertyPath: m_LocalRotation.x
      value: -0
      objectReference: {fileID: 0}
    - target: {fileID: -4216859302048453862, guid: ac3e493089eab5142bc3fd86198d6a6e,
        type: 3}
      propertyPath: m_LocalRotation.y
      value: -0
      objectReference: {fileID: 0}
    - target: {fileID: -4216859302048453862, guid: ac3e493089eab5142bc3fd86198d6a6e,
        type: 3}
      propertyPath: m_LocalRotation.z
      value: -0
      objectReference: {fileID: 0}
    - target: {fileID: -4216859302048453862, guid: ac3e493089eab5142bc3fd86198d6a6e,
        type: 3}
      propertyPath: m_LocalRotation.w
      value: 1
      objectReference: {fileID: 0}
    - target: {fileID: -4216859302048453862, guid: ac3e493089eab5142bc3fd86198d6a6e,
        type: 3}
      propertyPath: m_RootOrder
      value: 1
      objectReference: {fileID: 0}
    - target: {fileID: -4216859302048453862, guid: ac3e493089eab5142bc3fd86198d6a6e,
        type: 3}
      propertyPath: m_LocalEulerAnglesHint.x
      value: 0
      objectReference: {fileID: 0}
    - target: {fileID: -4216859302048453862, guid: ac3e493089eab5142bc3fd86198d6a6e,
        type: 3}
      propertyPath: m_LocalEulerAnglesHint.y
      value: 0
      objectReference: {fileID: 0}
    - target: {fileID: -4216859302048453862, guid: ac3e493089eab5142bc3fd86198d6a6e,
        type: 3}
      propertyPath: m_LocalEulerAnglesHint.z
      value: 0
      objectReference: {fileID: 0}
    - target: {fileID: -4216859302048453862, guid: ac3e493089eab5142bc3fd86198d6a6e,
        type: 3}
      propertyPath: m_LocalScale.x
      value: 3
      objectReference: {fileID: 0}
    - target: {fileID: -4216859302048453862, guid: ac3e493089eab5142bc3fd86198d6a6e,
        type: 3}
      propertyPath: m_LocalScale.y
      value: 1
      objectReference: {fileID: 0}
    - target: {fileID: -4216859302048453862, guid: ac3e493089eab5142bc3fd86198d6a6e,
        type: 3}
      propertyPath: m_LocalScale.z
      value: 3
      objectReference: {fileID: 0}
    - target: {fileID: -1504981713932161579, guid: ac3e493089eab5142bc3fd86198d6a6e,
        type: 3}
      propertyPath: m_Materials.Array.data[0]
      value: 
      objectReference: {fileID: 2100000, guid: 033d869542a31a145861838a5137fc76, type: 2}
    - target: {fileID: -927199367670048503, guid: ac3e493089eab5142bc3fd86198d6a6e,
        type: 3}
      propertyPath: m_Name
      value: SM_GluePuddle (1)
      objectReference: {fileID: 0}
    - target: {fileID: -927199367670048503, guid: ac3e493089eab5142bc3fd86198d6a6e,
        type: 3}
      propertyPath: m_Layer
      value: 9
      objectReference: {fileID: 0}
    m_RemovedComponents: []
  m_SourcePrefab: {fileID: 100100000, guid: ac3e493089eab5142bc3fd86198d6a6e, type: 3}
--- !u!4 &277348028877507261 stripped
Transform:
  m_CorrespondingSourceObject: {fileID: -4216859302048453862, guid: ac3e493089eab5142bc3fd86198d6a6e,
    type: 3}
  m_PrefabInstance: {fileID: 5090160899730153895}
  m_PrefabAsset: {fileID: 0}
--- !u!1001 &8832636348021166978
PrefabInstance:
  m_ObjectHideFlags: 0
  serializedVersion: 2
  m_Modification:
    m_TransformParent: {fileID: 146125684186741256}
    m_Modifications:
    - target: {fileID: -4216859302048453862, guid: ac3e493089eab5142bc3fd86198d6a6e,
        type: 3}
      propertyPath: m_LocalPosition.x
      value: 2.7850003
      objectReference: {fileID: 0}
    - target: {fileID: -4216859302048453862, guid: ac3e493089eab5142bc3fd86198d6a6e,
        type: 3}
      propertyPath: m_LocalPosition.y
      value: 0.1
      objectReference: {fileID: 0}
    - target: {fileID: -4216859302048453862, guid: ac3e493089eab5142bc3fd86198d6a6e,
        type: 3}
      propertyPath: m_LocalPosition.z
      value: -4.6499996
      objectReference: {fileID: 0}
    - target: {fileID: -4216859302048453862, guid: ac3e493089eab5142bc3fd86198d6a6e,
        type: 3}
      propertyPath: m_LocalRotation.x
      value: -0
      objectReference: {fileID: 0}
    - target: {fileID: -4216859302048453862, guid: ac3e493089eab5142bc3fd86198d6a6e,
        type: 3}
      propertyPath: m_LocalRotation.y
      value: -0
      objectReference: {fileID: 0}
    - target: {fileID: -4216859302048453862, guid: ac3e493089eab5142bc3fd86198d6a6e,
        type: 3}
      propertyPath: m_LocalRotation.z
      value: -0
      objectReference: {fileID: 0}
    - target: {fileID: -4216859302048453862, guid: ac3e493089eab5142bc3fd86198d6a6e,
        type: 3}
      propertyPath: m_LocalRotation.w
      value: 1
      objectReference: {fileID: 0}
    - target: {fileID: -4216859302048453862, guid: ac3e493089eab5142bc3fd86198d6a6e,
        type: 3}
      propertyPath: m_RootOrder
      value: 7
      objectReference: {fileID: 0}
    - target: {fileID: -4216859302048453862, guid: ac3e493089eab5142bc3fd86198d6a6e,
        type: 3}
      propertyPath: m_LocalEulerAnglesHint.x
      value: 0
      objectReference: {fileID: 0}
    - target: {fileID: -4216859302048453862, guid: ac3e493089eab5142bc3fd86198d6a6e,
        type: 3}
      propertyPath: m_LocalEulerAnglesHint.y
      value: 0
      objectReference: {fileID: 0}
    - target: {fileID: -4216859302048453862, guid: ac3e493089eab5142bc3fd86198d6a6e,
        type: 3}
      propertyPath: m_LocalEulerAnglesHint.z
      value: 0
      objectReference: {fileID: 0}
    - target: {fileID: -4216859302048453862, guid: ac3e493089eab5142bc3fd86198d6a6e,
        type: 3}
      propertyPath: m_LocalScale.x
      value: 3
      objectReference: {fileID: 0}
    - target: {fileID: -4216859302048453862, guid: ac3e493089eab5142bc3fd86198d6a6e,
        type: 3}
      propertyPath: m_LocalScale.y
      value: 1
      objectReference: {fileID: 0}
    - target: {fileID: -4216859302048453862, guid: ac3e493089eab5142bc3fd86198d6a6e,
        type: 3}
      propertyPath: m_LocalScale.z
      value: 3
      objectReference: {fileID: 0}
    - target: {fileID: -1504981713932161579, guid: ac3e493089eab5142bc3fd86198d6a6e,
        type: 3}
      propertyPath: m_Materials.Array.data[0]
      value: 
      objectReference: {fileID: 2100000, guid: 033d869542a31a145861838a5137fc76, type: 2}
    - target: {fileID: -927199367670048503, guid: ac3e493089eab5142bc3fd86198d6a6e,
        type: 3}
      propertyPath: m_Name
      value: SM_GluePuddle (7)
      objectReference: {fileID: 0}
    - target: {fileID: -927199367670048503, guid: ac3e493089eab5142bc3fd86198d6a6e,
        type: 3}
      propertyPath: m_Layer
      value: 9
      objectReference: {fileID: 0}
    m_RemovedComponents: []
  m_SourcePrefab: {fileID: 100100000, guid: ac3e493089eab5142bc3fd86198d6a6e, type: 3}
--- !u!4 &4605325586655148184 stripped
Transform:
  m_CorrespondingSourceObject: {fileID: -4216859302048453862, guid: ac3e493089eab5142bc3fd86198d6a6e,
    type: 3}
  m_PrefabInstance: {fileID: 8832636348021166978}
  m_PrefabAsset: {fileID: 0}
