%YAML 1.1
%TAG !u! tag:unity3d.com,2011:
--- !u!1 &110605524031529977
GameObject:
  m_ObjectHideFlags: 0
  m_CorrespondingSourceObject: {fileID: 0}
  m_PrefabInstance: {fileID: 0}
  m_PrefabAsset: {fileID: 0}
  serializedVersion: 6
  m_Component:
  - component: {fileID: 8338338430012278462}
  m_Layer: 0
  m_Name: Lego House
  m_TagString: Untagged
  m_Icon: {fileID: 0}
  m_NavMeshLayer: 0
  m_StaticEditorFlags: 0
  m_IsActive: 1
--- !u!4 &8338338430012278462
Transform:
  m_ObjectHideFlags: 0
  m_CorrespondingSourceObject: {fileID: 0}
  m_PrefabInstance: {fileID: 0}
  m_PrefabAsset: {fileID: 0}
  m_GameObject: {fileID: 110605524031529977}
  m_LocalRotation: {x: 0, y: 0, z: 0, w: 1}
  m_LocalPosition: {x: 0, y: 0, z: 0}
  m_LocalScale: {x: 1, y: 1, z: 1}
  m_Children:
  - {fileID: 7388250754697945877}
  - {fileID: 2590381380604061732}
  - {fileID: 2590381381760558793}
  - {fileID: 214359653195194682}
  m_Father: {fileID: 0}
  m_RootOrder: 0
  m_LocalEulerAnglesHint: {x: 0, y: 0, z: 0}
--- !u!1 &2590381380604061735
GameObject:
  m_ObjectHideFlags: 0
  m_CorrespondingSourceObject: {fileID: 0}
  m_PrefabInstance: {fileID: 0}
  m_PrefabAsset: {fileID: 0}
  serializedVersion: 6
  m_Component:
  - component: {fileID: 2590381380604061732}
  - component: {fileID: 2590381380604061738}
  - component: {fileID: 2590381380604061733}
  m_Layer: 0
  m_Name: Lego Activator
  m_TagString: Untagged
  m_Icon: {fileID: 0}
  m_NavMeshLayer: 0
  m_StaticEditorFlags: 0
  m_IsActive: 1
--- !u!4 &2590381380604061732
Transform:
  m_ObjectHideFlags: 0
  m_CorrespondingSourceObject: {fileID: 0}
  m_PrefabInstance: {fileID: 0}
  m_PrefabAsset: {fileID: 0}
  m_GameObject: {fileID: 2590381380604061735}
  m_LocalRotation: {x: -0, y: -0, z: -0, w: 1}
  m_LocalPosition: {x: 0, y: 0, z: 0}
  m_LocalScale: {x: 1, y: 1, z: 1}
  m_Children: []
  m_Father: {fileID: 8338338430012278462}
  m_RootOrder: 1
  m_LocalEulerAnglesHint: {x: 0, y: 0, z: 0}
--- !u!114 &2590381380604061738
MonoBehaviour:
  m_ObjectHideFlags: 0
  m_CorrespondingSourceObject: {fileID: 0}
  m_PrefabInstance: {fileID: 0}
  m_PrefabAsset: {fileID: 0}
  m_GameObject: {fileID: 2590381380604061735}
  m_Enabled: 1
  m_EditorHideFlags: 0
  m_Script: {fileID: 11500000, guid: ddc37aedd42e10c4bb92562df045e386, type: 3}
  m_Name: 
  m_EditorClassIdentifier: 
  _interactableCollider: {fileID: 2590381380604061733}
  _onInteractEvent:
    _PersistentCalls: []
  _onChangeHighlightEvent:
    _PersistentCalls: []
  _onHighlightEvent:
    _PersistentCalls:
    - _Target: {fileID: 1943563174268010506}
      _MethodName: set_OutlineColor
      _PersistentArguments:
      - _Type: 10
        _Int: 0
        _String: 
        _X: 1
        _Y: 1
        _Z: 1
        _W: 1
        _Object: {fileID: 0}
  _onUnHighlightEvent:
    _PersistentCalls:
    - _Target: {fileID: 1943563174268010506}
      _MethodName: set_OutlineColor
      _PersistentArguments:
      - _Type: 10
        _Int: 0
        _String: 
        _X: 1
        _Y: 0.28235295
        _Z: 0.22352941
        _W: 1
        _Object: {fileID: 0}
  _initiallyActive: 0
  OnPressed:
    _PersistentCalls:
    - _Target: {fileID: 2590381381760558799}
      _MethodName: Play
      _PersistentArguments: []
    - _Target: {fileID: 0}
      _MethodName: SetActive
      _PersistentArguments:
      - _Type: 14
        _Int: 0
        _String: 
        _X: 1
        _Y: 0
        _Z: 0
        _W: 0
        _Object: {fileID: 0}
    - _Target: {fileID: 0}
      _MethodName: SetActive
      _PersistentArguments:
      - _Type: 14
        _Int: 0
        _String: 
        _X: 1
        _Y: 0
        _Z: 0
        _W: 0
        _Object: {fileID: 0}
    - _Target: {fileID: 0}
      _MethodName: SetActive
      _PersistentArguments:
      - _Type: 14
        _Int: 0
        _String: 
        _X: 1
        _Y: 0
        _Z: 0
        _W: 0
        _Object: {fileID: 0}
    - _Target: {fileID: 0}
      _MethodName: SetActive
      _PersistentArguments:
      - _Type: 14
        _Int: 0
        _String: 
        _X: 1
        _Y: 0
        _Z: 0
        _W: 0
        _Object: {fileID: 0}
  OnActivate:
    _PersistentCalls:
    - _Target: {fileID: 0}
      _MethodName: AudioController, Assembly-CSharp, Version=0.0.0.0, Culture=neutral,
        PublicKeyToken=null.PlaySFX
      _PersistentArguments:
      - _Type: 13
        _Int: 0
        _String: UnityEngine.AudioClip, UnityEngine.AudioModule, Version=0.0.0.0,
          Culture=neutral, PublicKeyToken=null
        _X: 0
        _Y: 0
        _Z: 0
        _W: 0
        _Object: {fileID: 8300000, guid: 7dae8fe6293042b4a8acb58dbed0ea06, type: 3}
      - _Type: 13
        _Int: 1
        _String: UnityEngine.Transform, UnityEngine.CoreModule, Version=0.0.0.0,
          Culture=neutral, PublicKeyToken=null
        _X: 0
        _Y: 0
        _Z: 0
        _W: 0
        _Object: {fileID: 2590381380604061732}
      - _Type: 5
        _Int: 1
        _String: 
        _X: 1
        _Y: 0
        _Z: 0
        _W: 0
        _Object: {fileID: 0}
  OnDeactivate:
    _PersistentCalls: []
--- !u!65 &2590381380604061733
BoxCollider:
  m_ObjectHideFlags: 0
  m_CorrespondingSourceObject: {fileID: 0}
  m_PrefabInstance: {fileID: 0}
  m_PrefabAsset: {fileID: 0}
  m_GameObject: {fileID: 2590381380604061735}
  m_Material: {fileID: 0}
  m_IsTrigger: 0
  m_Enabled: 1
  serializedVersion: 2
  m_Size: {x: 0.75610733, y: 0.30382013, z: 0.6016817}
  m_Center: {x: -0.011709213, y: 0.107103765, z: -0.010071278}
--- !u!1 &2590381381760558792
GameObject:
  m_ObjectHideFlags: 0
  m_CorrespondingSourceObject: {fileID: 0}
  m_PrefabInstance: {fileID: 0}
  m_PrefabAsset: {fileID: 0}
  serializedVersion: 6
  m_Component:
  - component: {fileID: 2590381381760558793}
  - component: {fileID: 2590381381760558799}
  - component: {fileID: 2590381381760558798}
  m_Layer: 0
  m_Name: Trap Activate VFX
  m_TagString: Untagged
  m_Icon: {fileID: 0}
  m_NavMeshLayer: 0
  m_StaticEditorFlags: 0
  m_IsActive: 1
--- !u!4 &2590381381760558793
Transform:
  m_ObjectHideFlags: 0
  m_CorrespondingSourceObject: {fileID: 0}
  m_PrefabInstance: {fileID: 0}
  m_PrefabAsset: {fileID: 0}
  m_GameObject: {fileID: 2590381381760558792}
  m_LocalRotation: {x: -0, y: -0, z: -0, w: 1}
  m_LocalPosition: {x: 0, y: 0, z: 0}
  m_LocalScale: {x: 1, y: 1, z: 1}
  m_Children: []
  m_Father: {fileID: 8338338430012278462}
  m_RootOrder: 2
  m_LocalEulerAnglesHint: {x: 0, y: 0, z: 0}
--- !u!2083052967 &2590381381760558799
VisualEffect:
  m_ObjectHideFlags: 0
  m_CorrespondingSourceObject: {fileID: 0}
  m_PrefabInstance: {fileID: 0}
  m_PrefabAsset: {fileID: 0}
  m_GameObject: {fileID: 2590381381760558792}
  m_Enabled: 1
  m_Asset: {fileID: 8926484042661614526, guid: cb0a60dedb95bad4b955459bfe3d0997, type: 3}
  m_InitialEventName: 
  m_InitialEventNameOverriden: 1
  m_StartSeed: 0
  m_ResetSeedOnPlay: 1
  m_PropertySheet:
    m_Float:
      m_Array: []
    m_Vector2f:
      m_Array: []
    m_Vector3f:
      m_Array: []
    m_Vector4f:
      m_Array: []
    m_Uint:
      m_Array: []
    m_Int:
      m_Array: []
    m_Matrix4x4f:
      m_Array: []
    m_AnimationCurve:
      m_Array: []
    m_Gradient:
      m_Array: []
    m_NamedObject:
      m_Array: []
    m_Bool:
      m_Array: []
--- !u!73398921 &2590381381760558798
VFXRenderer:
  m_ObjectHideFlags: 0
  m_CorrespondingSourceObject: {fileID: 0}
  m_PrefabInstance: {fileID: 0}
  m_PrefabAsset: {fileID: 0}
  m_GameObject: {fileID: 2590381381760558792}
  m_Enabled: 1
  m_CastShadows: 0
  m_ReceiveShadows: 0
  m_DynamicOccludee: 1
  m_MotionVectors: 0
  m_LightProbeUsage: 0
  m_ReflectionProbeUsage: 0
  m_RayTracingMode: 0
  m_RenderingLayerMask: 1
  m_RendererPriority: 0
  m_Materials:
  - {fileID: 0}
  - {fileID: 0}
  m_StaticBatchInfo:
    firstSubMesh: 0
    subMeshCount: 0
  m_StaticBatchRoot: {fileID: 0}
  m_ProbeAnchor: {fileID: 0}
  m_LightProbeVolumeOverride: {fileID: 0}
  m_ScaleInLightmap: 1
  m_ReceiveGI: 1
  m_PreserveUVs: 0
  m_IgnoreNormalsForChartDetection: 0
  m_ImportantGI: 0
  m_StitchLightmapSeams: 1
  m_SelectedEditorRenderState: 3
  m_MinimumChartSize: 4
  m_AutoUVMaxDistance: 0.5
  m_AutoUVMaxAngle: 89
  m_LightmapParameters: {fileID: 0}
  m_SortingLayerID: 0
  m_SortingLayer: 0
  m_SortingOrder: 0
--- !u!1 &4180330579199815953
GameObject:
  m_ObjectHideFlags: 0
  m_CorrespondingSourceObject: {fileID: 0}
  m_PrefabInstance: {fileID: 0}
  m_PrefabAsset: {fileID: 0}
  serializedVersion: 6
  m_Component:
  - component: {fileID: 214359653195194682}
  - component: {fileID: 2369345273541560077}
  - component: {fileID: 6733661878651508392}
  m_Layer: 0
  m_Name: TrapMarker
  m_TagString: Untagged
  m_Icon: {fileID: 0}
  m_NavMeshLayer: 0
  m_StaticEditorFlags: 0
  m_IsActive: 1
--- !u!4 &214359653195194682
Transform:
  m_ObjectHideFlags: 0
  m_CorrespondingSourceObject: {fileID: 0}
  m_PrefabInstance: {fileID: 0}
  m_PrefabAsset: {fileID: 0}
  m_GameObject: {fileID: 4180330579199815953}
  m_LocalRotation: {x: 0, y: 0, z: 0, w: 1}
  m_LocalPosition: {x: 0, y: -0.582, z: 0}
  m_LocalScale: {x: 1, y: 1, z: 1}
  m_Children: []
  m_Father: {fileID: 8338338430012278462}
  m_RootOrder: 3
  m_LocalEulerAnglesHint: {x: 0, y: 0, z: 0}
--- !u!2083052967 &2369345273541560077
VisualEffect:
  m_ObjectHideFlags: 0
  m_CorrespondingSourceObject: {fileID: 0}
  m_PrefabInstance: {fileID: 0}
  m_PrefabAsset: {fileID: 0}
  m_GameObject: {fileID: 4180330579199815953}
  m_Enabled: 1
  m_Asset: {fileID: 8926484042661614526, guid: 2b1f24c61eae2344db344f9249158e7f, type: 3}
  m_InitialEventName: OnPlay
  m_InitialEventNameOverriden: 0
  m_StartSeed: 0
  m_ResetSeedOnPlay: 1
  m_PropertySheet:
    m_Float:
      m_Array: []
    m_Vector2f:
      m_Array: []
    m_Vector3f:
      m_Array: []
    m_Vector4f:
      m_Array: []
    m_Uint:
      m_Array: []
    m_Int:
      m_Array: []
    m_Matrix4x4f:
      m_Array: []
    m_AnimationCurve:
      m_Array: []
    m_Gradient:
      m_Array: []
    m_NamedObject:
      m_Array: []
    m_Bool:
      m_Array: []
--- !u!73398921 &6733661878651508392
VFXRenderer:
  m_ObjectHideFlags: 0
  m_CorrespondingSourceObject: {fileID: 0}
  m_PrefabInstance: {fileID: 0}
  m_PrefabAsset: {fileID: 0}
  m_GameObject: {fileID: 4180330579199815953}
  m_Enabled: 1
  m_CastShadows: 0
  m_ReceiveShadows: 0
  m_DynamicOccludee: 1
  m_MotionVectors: 0
  m_LightProbeUsage: 0
  m_ReflectionProbeUsage: 0
  m_RayTracingMode: 0
  m_RenderingLayerMask: 1
  m_RendererPriority: 0
  m_Materials:
  - {fileID: 0}
  m_StaticBatchInfo:
    firstSubMesh: 0
    subMeshCount: 0
  m_StaticBatchRoot: {fileID: 0}
  m_ProbeAnchor: {fileID: 0}
  m_LightProbeVolumeOverride: {fileID: 0}
  m_ScaleInLightmap: 1
  m_ReceiveGI: 1
  m_PreserveUVs: 0
  m_IgnoreNormalsForChartDetection: 0
  m_ImportantGI: 0
  m_StitchLightmapSeams: 1
  m_SelectedEditorRenderState: 3
  m_MinimumChartSize: 4
  m_AutoUVMaxDistance: 0.5
  m_AutoUVMaxAngle: 89
  m_LightmapParameters: {fileID: 0}
  m_SortingLayerID: 0
  m_SortingLayer: 0
  m_SortingOrder: 0
--- !u!114 &1943563174268010506
MonoBehaviour:
  m_ObjectHideFlags: 0
  m_CorrespondingSourceObject: {fileID: 0}
  m_PrefabInstance: {fileID: 0}
  m_PrefabAsset: {fileID: 0}
  m_GameObject: {fileID: 5824015452134609158}
  m_Enabled: 1
  m_EditorHideFlags: 0
  m_Script: {fileID: 11500000, guid: 5fea29bb7c508c244a1f805a5fd3fc4d, type: 3}
  m_Name: 
  m_EditorClassIdentifier: 
  outlineMode: 3
  outlineColor: {r: 1, g: 0.6971046, b: 0.2235294, a: 1}
  outlineWidth: 1
  precomputeOutline: 1
  bakeKeys:
  - {fileID: 3680303825134641517, guid: 2d1c52156d2d18842a1401ed90bcae53, type: 3}
  bakeValues:
  - data:
    - {x: 0.70710677, y: 0, z: 0.70710677}
    - {x: 0.57735026, y: 0.57735026, z: 0.57735026}
    - {x: -0.57735026, y: 0.57735026, z: 0.57735026}
    - {x: -0.70710677, y: 0, z: 0.70710677}
    - {x: 0.70710677, y: 0, z: 0.70710677}
    - {x: -0.70710677, y: 0, z: 0.70710677}
    - {x: 0.70710677, y: 0, z: 0.70710677}
    - {x: -0.70710677, y: 0, z: 0.70710677}
    - {x: 0.70710677, y: 0, z: 0.70710677}
    - {x: -0.70710677, y: 0, z: 0.70710677}
    - {x: 0.57735026, y: 0.57735026, z: 0.57735026}
    - {x: 0.57735026, y: 0.57735026, z: -0.57735026}
    - {x: -0.57735026, y: 0.57735026, z: -0.57735026}
    - {x: -0.57735026, y: 0.57735026, z: 0.57735026}
    - {x: 0.57735026, y: 0.57735026, z: -0.57735026}
    - {x: -0.70710677, y: 0, z: -0.70710677}
    - {x: -0.57735026, y: 0.57735026, z: -0.57735026}
    - {x: 0.70710677, y: 0, z: -0.70710677}
    - {x: -0.70710677, y: 0, z: -0.70710677}
    - {x: 0.70710677, y: 0, z: -0.70710677}
    - {x: -0.70710677, y: 0, z: -0.70710677}
    - {x: 0.70710677, y: 0, z: -0.70710677}
    - {x: -0.70710677, y: 0, z: -0.70710677}
    - {x: 0.70710677, y: 0, z: -0.70710677}
    - {x: -0.57735026, y: 0.57735026, z: 0.57735026}
    - {x: -0.57735026, y: 0.57735026, z: -0.57735026}
    - {x: -0.70710677, y: 0, z: -0.70710677}
    - {x: -0.57735026, y: 0.57735026, z: 0.57735026}
    - {x: -1, y: 0, z: 0}
    - {x: -0.70710677, y: 0, z: -0.70710677}
    - {x: -1, y: 0, z: 0}
    - {x: -0.57735026, y: 0.57735026, z: -0.57735026}
    - {x: -1, y: 0, z: 0}
    - {x: -0.70710677, y: 0, z: -0.70710677}
    - {x: -1, y: -0.00000019643217, z: 0}
    - {x: -0.70710677, y: 0, z: -0.70710677}
    - {x: -1, y: 0.000000111305184, z: 0}
    - {x: -1, y: 0, z: 0}
    - {x: -1, y: 0.0000003116989, z: 0}
    - {x: -1, y: 0.00000011272548, z: 0}
    - {x: -0.70710677, y: 0, z: 0.70710677}
    - {x: -0.70710677, y: 0, z: 0.70710677}
    - {x: -1, y: 0, z: 0}
    - {x: -0.70710677, y: 0, z: 0.70710677}
    - {x: -1, y: -0.00000014762843, z: 0}
    - {x: -0.70710677, y: 0, z: 0.70710677}
    - {x: -0.7071068, y: 0.7071067, z: 0}
    - {x: -0.5773503, y: 0.57735014, z: -0.5773503}
    - {x: -0.57735026, y: 0.57735026, z: 0.57735026}
    - {x: 0.70710677, y: 0, z: -0.70710677}
    - {x: 0.57735026, y: 0.57735026, z: -0.57735026}
    - {x: 0.57735026, y: 0.57735026, z: 0.57735026}
    - {x: 0.57735026, y: 0.57735026, z: 0.57735026}
    - {x: 0.70710677, y: 0, z: -0.70710677}
    - {x: 1, y: 0, z: 0}
    - {x: 0.70710677, y: 0, z: -0.70710677}
    - {x: 0.57735026, y: 0.5773504, z: -0.57735026}
    - {x: 1, y: 0, z: 0}
    - {x: 0.70710677, y: 0, z: -0.70710677}
    - {x: 1, y: 0.0000001194071, z: 0}
    - {x: 1, y: 0, z: 0}
    - {x: 1, y: 0, z: 0}
    - {x: 1, y: 0, z: 0}
    - {x: 1, y: 0.00000018613896, z: 0}
    - {x: 0.5773502, y: 0.5773504, z: -0.5773502}
    - {x: 0.70710665, y: 0.7071068, z: 0}
    - {x: 1, y: 0, z: 0}
    - {x: 1, y: 0, z: 0}
    - {x: 1, y: -0.00000020054536, z: 0}
    - {x: 0.70710677, y: 0, z: 0.70710677}
    - {x: 0.57735026, y: 0.57735026, z: 0.57735026}
    - {x: 0.70710677, y: 0, z: 0.70710677}
    - {x: 0.70710677, y: 0, z: 0.70710677}
    - {x: 0.70710677, y: 0, z: 0.70710677}
    - {x: 0.70710665, y: 0.7071068, z: 0}
    - {x: 0.5773502, y: 0.5773504, z: -0.5773502}
    - {x: -0.5773503, y: 0.57735014, z: -0.5773503}
    - {x: -0.7071068, y: 0.7071067, z: 0}
    - {x: 0.57735026, y: 0.57735026, z: 0.57735026}
    - {x: -0.57735026, y: 0.57735026, z: 0.57735026}
    - {x: -0.5773503, y: 0.57735014, z: -0.5773503}
    - {x: 0.5773502, y: 0.5773504, z: -0.5773502}
    - {x: 0.57735026, y: 0.5773504, z: -0.57735026}
    - {x: -0.57735026, y: 0.57735026, z: -0.57735026}
    - {x: -0.57735026, y: 0.57735026, z: -0.57735026}
    - {x: 0.57735026, y: 0.5773504, z: -0.57735026}
    - {x: 0.57735026, y: 0.57735026, z: 0.57735026}
    - {x: -0.57735026, y: 0.57735026, z: 0.57735026}
    - {x: -0.57735026, y: 0.57735026, z: 0.57735026}
    - {x: 0.57735026, y: 0.57735026, z: 0.57735026}
    - {x: 0.57735026, y: 0.57735026, z: 0.57735026}
    - {x: -0.57735026, y: 0.57735026, z: 0.57735026}
    - {x: 0.70710677, y: 0, z: 0.70710677}
    - {x: 0.57735026, y: 0.57735026, z: 0.57735026}
    - {x: -0.5773504, y: 0.57735014, z: 0.5773504}
    - {x: -0.70710677, y: -0.0000001317418, z: 0.70710677}
    - {x: 0.70710677, y: 0, z: 0.70710677}
    - {x: -0.70710677, y: 0, z: 0.70710677}
    - {x: 0.70710677, y: 0, z: 0.70710677}
    - {x: -0.70710677, y: 0, z: 0.70710677}
    - {x: 0.70710677, y: 0, z: 0.70710677}
    - {x: -0.70710677, y: 0, z: 0.70710677}
    - {x: 0.70710677, y: 0.70710677, z: 0}
    - {x: 0.57735026, y: 0.57735026, z: -0.57735026}
    - {x: -0.57735026, y: 0.57735026, z: -0.57735026}
    - {x: -0.70710677, y: 0.70710677, z: 0}
    - {x: 0.70710677, y: 0.70710677, z: 0}
    - {x: -0.70710677, y: 0.70710677, z: 0}
    - {x: 0.70710677, y: 0.70710677, z: 0}
    - {x: -0.7071068, y: 0.7071067, z: 0}
    - {x: 0.57735026, y: 0.57735026, z: 0.57735026}
    - {x: -0.5773504, y: 0.57735014, z: 0.5773504}
    - {x: 0.57735026, y: 0.57735026, z: -0.57735026}
    - {x: -0.70710677, y: 0, z: -0.70710677}
    - {x: -0.57735026, y: 0.57735026, z: -0.57735026}
    - {x: 0.70710677, y: 0, z: -0.70710677}
    - {x: -0.70710677, y: 0, z: -0.70710677}
    - {x: 0.70710677, y: 0, z: -0.70710677}
    - {x: -0.70710677, y: 0, z: -0.70710677}
    - {x: 0.70710677, y: 0, z: -0.70710677}
    - {x: -0.70710677, y: 0, z: -0.70710677}
    - {x: 0.70710677, y: 0, z: -0.70710677}
    - {x: -0.70710677, y: 0.70710677, z: 0}
    - {x: -0.57735026, y: 0.57735026, z: -0.57735026}
    - {x: -0.70710677, y: 0, z: -0.70710677}
    - {x: -1, y: 0.000000113207264, z: 0}
    - {x: -0.70710677, y: 0.70710677, z: 0}
    - {x: -1, y: 0, z: 0}
    - {x: -0.70710677, y: 0, z: -0.70710677}
    - {x: -1, y: 0, z: 0}
    - {x: -0.7071068, y: 0.7071067, z: 0}
    - {x: -1, y: 0, z: 0}
    - {x: -0.70710677, y: 0, z: -0.70710677}
    - {x: -1, y: 0, z: 0}
    - {x: -1, y: 0, z: 0}
    - {x: -0.70710677, y: 0, z: -0.70710677}
    - {x: -1, y: 0, z: 0}
    - {x: -1, y: 0, z: 0}
    - {x: -1, y: 0, z: 0}
    - {x: -1, y: 0, z: 0}
    - {x: -0.70710677, y: 0, z: 0.70710677}
    - {x: -0.70710677, y: 0, z: 0.70710677}
    - {x: -1, y: 0, z: 0}
    - {x: -0.70710677, y: 0, z: 0.70710677}
    - {x: -1, y: -0.00000014972117, z: 0}
    - {x: -0.70710677, y: -0.0000001317418, z: 0.70710677}
    - {x: -0.5773504, y: 0.57735014, z: 0.5773504}
    - {x: 0.70710677, y: 0, z: -0.70710677}
    - {x: 0.57735026, y: 0.57735026, z: -0.57735026}
    - {x: 0.70710677, y: 0.70710677, z: 0}
    - {x: 1, y: -0.00000018524243, z: 0}
    - {x: 0.70710677, y: 0, z: -0.70710677}
    - {x: 1, y: -0.00000018792839, z: 0}
    - {x: 0.70710677, y: 0.70710677, z: 0}
    - {x: 1, y: -0.00000011271396, z: 0}
    - {x: 0.70710677, y: 0, z: -0.70710677}
    - {x: 1, y: 0, z: 0}
    - {x: 0.70710677, y: 0.70710677, z: 0}
    - {x: 1, y: 0.00000014569625, z: 0}
    - {x: 0.70710677, y: 0, z: -0.70710677}
    - {x: 1, y: 0.00000026194672, z: 0}
    - {x: 1, y: 0, z: 0}
    - {x: 1, y: 0.00000026198734, z: 0}
    - {x: 1, y: 0.00000026489138, z: 0}
    - {x: 0.70710677, y: 0, z: 0.70710677}
    - {x: 0.57735026, y: 0.57735026, z: 0.57735026}
    - {x: 1, y: 0.00000010407901, z: 0}
    - {x: 0.70710677, y: 0, z: 0.70710677}
    - {x: 1, y: 0.00000011530149, z: 0}
    - {x: 1, y: 0, z: 0}
    - {x: 0.70710677, y: 0, z: 0.70710677}
    - {x: 0.70710677, y: 0, z: 0.70710677}
    - {x: 0.0005489244, y: 0.9997706, z: 0.021410266}
    - {x: -0.025629954, y: 0, z: 0.9996715}
    - {x: 0.025629954, y: 0, z: 0.9996715}
    - {x: -0.0005489244, y: 0.9997706, z: 0.021410266}
    - {x: -0.021410266, y: 0.9997706, z: 0.00054892444}
    - {x: -0.025629954, y: 0, z: 0.9996715}
    - {x: -0.9996715, y: 0, z: 0.025629958}
    - {x: 0.021410266, y: 0.9997706, z: 0.00054892444}
    - {x: 0.9996715, y: 0, z: 0.025629958}
    - {x: 0.025629954, y: 0, z: 0.9996715}
    - {x: -0.021410266, y: 0.9997706, z: -0.00054892455}
    - {x: -0.9996715, y: 0, z: -0.025629958}
    - {x: -0.9996715, y: 0, z: 0.025629958}
    - {x: 0.021410266, y: 0.9997706, z: -0.00054892455}
    - {x: 0.9996715, y: 0, z: 0.025629958}
    - {x: 0.9996715, y: 0, z: -0.025629958}
    - {x: -0.0005489244, y: 0.9997706, z: -0.021410266}
    - {x: -0.9996715, y: 0, z: -0.025629958}
    - {x: -0.025629954, y: 0, z: -0.9996715}
    - {x: 0.0005489244, y: 0.9997706, z: -0.021410266}
    - {x: 0.025629954, y: 0, z: -0.9996715}
    - {x: 0.9996715, y: 0, z: -0.025629958}
    - {x: 0.025629954, y: 0, z: -0.9996715}
    - {x: -0.025629954, y: 0, z: -0.9996715}
    - {x: 0.3869636, y: 0.56838936, z: -0.72608036}
    - {x: 0.72350967, y: 0.57733023, z: 0.37844902}
    - {x: 0.88154775, y: -0.0013575265, z: 0.47209293}
    - {x: 0.4720607, y: -0.009527377, z: -0.88151455}
    - {x: 0.72350967, y: 0.57733023, z: 0.37844902}
    - {x: -0.38390347, y: 0.58623594, z: 0.71340424}
    - {x: -0.47206062, y: 0.00952837, z: 0.8815146}
    - {x: 0.88154775, y: -0.0013575265, z: 0.47209293}
    - {x: -0.38390347, y: 0.58623594, z: 0.71340424}
    - {x: 0.72350967, y: 0.57733023, z: 0.37844902}
    - {x: 0.3869636, y: 0.56838936, z: -0.72608036}
    - {x: -0.7160691, y: 0.57725954, z: -0.3924493}
    - {x: -0.88154763, y: 0.0013585157, z: -0.4720931}
    - {x: -0.7160691, y: 0.57725954, z: -0.3924493}
    - {x: 0.3869636, y: 0.56838936, z: -0.72608036}
    - {x: 0.4720607, y: -0.009527377, z: -0.88151455}
    - {x: -0.7160691, y: 0.57725954, z: -0.3924493}
    - {x: -0.88154763, y: 0.0013585157, z: -0.4720931}
    - {x: -0.47206062, y: 0.00952837, z: 0.8815146}
    - {x: -0.38390347, y: 0.58623594, z: 0.71340424}
    - {x: 0.52990687, y: 0.59847385, z: 0.6008559}
    - {x: -0.62208366, y: 0.58217984, z: 0.5235251}
    - {x: -0.7543068, y: 0.0047217733, z: 0.6565051}
    - {x: 0.65636116, y: 0.027542565, z: 0.7539439}
    - {x: -0.62208366, y: 0.58217984, z: 0.5235251}
    - {x: -0.54195213, y: 0.5557848, z: -0.6303897}
    - {x: -0.6563613, y: -0.027541263, z: -0.7539438}
    - {x: -0.7543068, y: 0.0047217733, z: 0.6565051}
    - {x: -0.54195213, y: 0.5557848, z: -0.6303897}
    - {x: -0.62208366, y: 0.58217984, z: 0.5235251}
    - {x: 0.52990687, y: 0.59847385, z: 0.6008559}
    - {x: 0.609721, y: 0.57218283, z: -0.5484953}
    - {x: 0.7543071, y: -0.004720458, z: -0.6565047}
    - {x: 0.609721, y: 0.57218283, z: -0.5484953}
    - {x: 0.52990687, y: 0.59847385, z: 0.6008559}
    - {x: 0.65636116, y: 0.027542565, z: 0.7539439}
    - {x: 0.609721, y: 0.57218283, z: -0.5484953}
    - {x: 0.7543071, y: -0.004720458, z: -0.6565047}
    - {x: -0.6563613, y: -0.027541263, z: -0.7539438}
    - {x: -0.54195213, y: 0.5557848, z: -0.6303897}
    - {x: 0.21220845, y: 0.60267675, z: 0.76925176}
    - {x: -0.7929145, y: 0.57503605, z: 0.20154448}
    - {x: -0.96400005, y: -0.0039423443, z: 0.26587293}
    - {x: 0.2656078, y: 0.03276803, z: 0.9635241}
    - {x: -0.7929145, y: 0.57503605, z: 0.20154448}
    - {x: -0.22154628, y: 0.5514542, z: -0.8042484}
    - {x: -0.26560763, y: -0.03276681, z: -0.9635243}
    - {x: -0.96400005, y: -0.0039423443, z: 0.26587293}
    - {x: -0.22154628, y: 0.5514542, z: -0.8042484}
    - {x: -0.7929145, y: 0.57503605, z: 0.20154448}
    - {x: 0.21220845, y: 0.60267675, z: 0.76925176}
    - {x: 0.78131664, y: 0.57918775, z: -0.23256354}
    - {x: 0.96400005, y: 0.003943565, z: -0.265873}
    - {x: 0.78131664, y: 0.57918775, z: -0.23256354}
    - {x: 0.21220845, y: 0.60267675, z: 0.76925176}
    - {x: 0.2656078, y: 0.03276803, z: 0.9635241}
    - {x: 0.78131664, y: 0.57918775, z: -0.23256354}
    - {x: 0.96400005, y: 0.003943565, z: -0.265873}
    - {x: -0.26560763, y: -0.03276681, z: -0.9635243}
    - {x: -0.22154628, y: 0.5514542, z: -0.8042484}
    - {x: 0.7675142, y: 0.5902071, z: 0.2501551}
    - {x: -0.26639736, y: 0.58726084, z: 0.7643017}
    - {x: -0.3202444, y: 0.010852307, z: 0.9472728}
    - {x: 0.94724655, y: 0.017318055, z: 0.32003748}
    - {x: -0.26639736, y: 0.58726084, z: 0.7643017}
    - {x: -0.77935916, y: 0.56421465, z: -0.27250904}
    - {x: -0.9472466, y: -0.017317032, z: -0.32003736}
    - {x: -0.3202444, y: 0.010852307, z: 0.9472728}
    - {x: -0.77935916, y: 0.56421465, z: -0.27250904}
    - {x: -0.26639736, y: 0.58726084, z: 0.7643017}
    - {x: 0.7675142, y: 0.5902071, z: 0.2501551}
    - {x: 0.2565804, y: 0.5672519, z: -0.7825546}
    - {x: 0.320245, y: -0.010851281, z: -0.9472726}
    - {x: 0.2565804, y: 0.5672519, z: -0.7825546}
    - {x: 0.7675142, y: 0.5902071, z: 0.2501551}
    - {x: 0.94724655, y: 0.017318055, z: 0.32003748}
    - {x: 0.2565804, y: 0.5672519, z: -0.7825546}
    - {x: 0.320245, y: -0.010851281, z: -0.9472726}
    - {x: -0.9472466, y: -0.017317032, z: -0.32003736}
    - {x: -0.77935916, y: 0.56421465, z: -0.27250904}
    - {x: 0.69460964, y: 0, z: -0.7193869}
    - {x: 0.56680226, y: 0.5780503, z: -0.5870205}
    - {x: 0.5877313, y: 0.5766528, z: 0.56748873}
    - {x: 0.71938676, y: 0, z: 0.69460976}
    - {x: 0.69460964, y: 0, z: -0.7193869}
    - {x: 0.71938676, y: 0, z: 0.69460976}
    - {x: 0.69460964, y: 0, z: -0.7193868}
    - {x: 0.71938676, y: 0, z: 0.69460976}
    - {x: 0.6946097, y: 0, z: -0.7193868}
    - {x: 0.71938676, y: 0, z: 0.6946097}
    - {x: -0.007585964, y: 0.7071067, z: -0.7070662}
    - {x: -0.5840736, y: 0.5784974, z: -0.5693846}
    - {x: -0.5705138, y: 0.5762099, z: 0.5852318}
    - {x: 0.007586022, y: 0.7071069, z: 0.707066}
    - {x: -0.013379248, y: 0.70710695, z: -0.70698005}
    - {x: 0.013379012, y: 0.70710653, z: 0.70698035}
    - {x: -0.012932012, y: 0.70710695, z: -0.7069884}
    - {x: 0.012932218, y: 0.7071066, z: 0.7069887}
    - {x: -0.013277393, y: 0.7071068, z: -0.7069821}
    - {x: 0.013277503, y: 0.70710665, z: 0.7069822}
    - {x: 0.56680226, y: 0.5780503, z: -0.5870205}
    - {x: 0.5877313, y: 0.5766528, z: 0.56748873}
    - {x: -0.5840736, y: 0.5784974, z: -0.5693846}
    - {x: -0.69804543, y: 0, z: 0.7160535}
    - {x: -0.5705138, y: 0.5762099, z: 0.5852318}
    - {x: -0.7160536, y: 0, z: -0.6980453}
    - {x: -0.6980454, y: 0, z: 0.7160535}
    - {x: -0.7160536, y: 0, z: -0.69804525}
    - {x: -0.6980454, y: 0, z: 0.7160535}
    - {x: -0.7160536, y: 0, z: -0.6980453}
    - {x: -0.69804543, y: 0, z: 0.7160535}
    - {x: -0.71605355, y: 0, z: -0.6980453}
    - {x: 0.007586022, y: 0.7071069, z: 0.707066}
    - {x: -0.5705138, y: 0.5762099, z: 0.5852318}
    - {x: -0.69804543, y: 0, z: 0.7160535}
    - {x: 0.010728292, y: 0, z: 0.9999424}
    - {x: 0.013379012, y: 0.70710653, z: 0.70698035}
    - {x: 0.010728314, y: 0, z: 0.9999424}
    - {x: -0.6980454, y: 0, z: 0.7160535}
    - {x: 0.014197832, y: 0, z: 0.99989927}
    - {x: 0.012932218, y: 0.7071066, z: 0.7069887}
    - {x: 0.010728285, y: 0, z: 0.9999424}
    - {x: -0.6980454, y: 0, z: 0.7160535}
    - {x: 0.018495057, y: 0, z: 0.99982893}
    - {x: 0.013277503, y: 0.70710665, z: 0.7069822}
    - {x: 0.01530138, y: 0, z: 0.99988294}
    - {x: 0.010728262, y: 0, z: 0.9999424}
    - {x: -0.69804543, y: 0, z: 0.7160535}
    - {x: 0.0153014, y: 0, z: 0.99988294}
    - {x: 0.015301433, y: 0, z: 0.99988294}
    - {x: 0.018589035, y: 0, z: 0.9998272}
    - {x: 0.01858904, y: 0, z: 0.9998272}
    - {x: 0.01877718, y: 0, z: 0.99982375}
    - {x: 0.018589033, y: 0, z: 0.9998272}
    - {x: 0.018777223, y: 0, z: 0.99982375}
    - {x: 0.71938676, y: 0, z: 0.6946097}
    - {x: 0.71938676, y: 0, z: 0.69460976}
    - {x: 0.018777236, y: 0, z: 0.99982375}
    - {x: 0.71938676, y: 0, z: 0.69460976}
    - {x: 0.01877722, y: 0, z: 0.99982375}
    - {x: 0.71938676, y: 0, z: 0.69460976}
    - {x: 0.5877313, y: 0.5766528, z: 0.56748873}
    - {x: -0.7160536, y: 0, z: -0.6980453}
    - {x: -0.5840736, y: 0.5784974, z: -0.5693846}
    - {x: -0.007585964, y: 0.7071067, z: -0.7070662}
    - {x: -0.010728215, y: 0, z: -0.9999424}
    - {x: -0.7160536, y: 0, z: -0.69804525}
    - {x: -0.014197632, y: 0, z: -0.99989927}
    - {x: -0.013379248, y: 0.70710695, z: -0.70698005}
    - {x: -0.010728236, y: 0, z: -0.9999424}
    - {x: -0.7160536, y: 0, z: -0.6980453}
    - {x: -0.018494962, y: 0, z: -0.99982893}
    - {x: -0.012932012, y: 0.70710695, z: -0.7069884}
    - {x: -0.015301307, y: 0, z: -0.99988294}
    - {x: -0.0107282, y: 0, z: -0.9999424}
    - {x: -0.71605355, y: 0, z: -0.6980453}
    - {x: -0.010728172, y: 0, z: -0.9999424}
    - {x: -0.015301344, y: 0, z: -0.99988294}
    - {x: -0.015301319, y: 0, z: -0.99988294}
    - {x: -0.018777035, y: 0, z: -0.99982375}
    - {x: -0.013277393, y: 0.7071068, z: -0.7069821}
    - {x: -0.018589033, y: 0, z: -0.9998272}
    - {x: -0.018589076, y: 0, z: -0.9998272}
    - {x: -0.018589115, y: 0, z: -0.9998272}
    - {x: 0.69460964, y: 0, z: -0.7193869}
    - {x: 0.56680226, y: 0.5780503, z: -0.5870205}
    - {x: -0.018777022, y: 0, z: -0.99982375}
    - {x: 0.69460964, y: 0, z: -0.7193869}
    - {x: -0.018777024, y: 0, z: -0.99982375}
    - {x: -0.018777007, y: 0, z: -0.99982375}
    - {x: 0.69460964, y: 0, z: -0.7193868}
    - {x: 0.6946097, y: 0, z: -0.7193868}
    - {x: 0.6948007, y: 0, z: -0.7192023}
    - {x: 0.5670079, y: 0.5779492, z: -0.5869214}
    - {x: 0.58752954, y: 0.5767532, z: 0.5675956}
    - {x: 0.7192022, y: 0, z: 0.6948008}
    - {x: 0.6948007, y: 0, z: -0.7192023}
    - {x: 0.7192022, y: 0, z: 0.6948008}
    - {x: 0.6948007, y: 0, z: -0.7192023}
    - {x: 0.7192022, y: 0, z: 0.6948008}
    - {x: 0.69480073, y: 0, z: -0.7192023}
    - {x: 0.7192022, y: 0, z: 0.69480085}
    - {x: 0.57051355, y: 0.57620966, z: -0.58523214}
    - {x: -0.58407253, y: 0.57849646, z: -0.56938654}
    - {x: -0.57051474, y: 0.5762108, z: 0.5852299}
    - {x: 0.5840737, y: 0.5784977, z: 0.5693842}
    - {x: -0.58407253, y: 0.57849646, z: -0.56938654}
    - {x: -0.6980472, y: 0, z: 0.7160517}
    - {x: -0.57051474, y: 0.5762108, z: 0.5852299}
    - {x: -0.71605176, y: 0, z: -0.69804716}
    - {x: -0.6980472, y: 0, z: 0.71605176}
    - {x: -0.71605176, y: 0, z: -0.69804716}
    - {x: -0.69804716, y: 0, z: 0.71605176}
    - {x: -0.71605176, y: 0, z: -0.69804716}
    - {x: -0.6980472, y: 0, z: 0.71605176}
    - {x: -0.71605164, y: 0, z: -0.6980473}
    - {x: 0.5840737, y: 0.5784977, z: 0.5693842}
    - {x: -0.57051474, y: 0.5762108, z: 0.5852299}
    - {x: -0.6980472, y: 0, z: 0.7160517}
    - {x: 0.5843338, y: 0.5783662, z: 0.56925094}
    - {x: 0.010728015, y: 0, z: 0.9999424}
    - {x: 0.58479315, y: 0.578134, z: 0.56901497}
    - {x: -0.6980472, y: 0, z: 0.71605176}
    - {x: 0.5857181, y: 0.5776672, z: 0.5685375}
    - {x: 0.010727993, y: 0, z: 0.9999424}
    - {x: -0.69804716, y: 0, z: 0.71605176}
    - {x: 0.010727989, y: 0, z: 0.9999424}
    - {x: -0.6980472, y: 0, z: 0.71605176}
    - {x: 0.015301198, y: 0, z: 0.99988294}
    - {x: 0.015301164, y: 0, z: 0.99988294}
    - {x: 0.018589126, y: 0, z: 0.9998272}
    - {x: 0.018589087, y: 0, z: 0.9998272}
    - {x: 0.018534627, y: 0, z: 0.9998282}
    - {x: -0.567133, y: 0.5778857, z: 0.58686304}
    - {x: 0.01853465, y: 0, z: 0.9998282}
    - {x: 0.7192022, y: 0, z: 0.69480085}
    - {x: 0.7192022, y: 0, z: 0.6948008}
    - {x: 0.018534685, y: 0, z: 0.9998282}
    - {x: -0.56720877, y: 0.5778482, z: 0.5868268}
    - {x: 0.7192022, y: 0, z: 0.6948008}
    - {x: -0.567083, y: 0.5779116, z: 0.58688587}
    - {x: 0.7192022, y: 0, z: 0.6948008}
    - {x: -0.5670077, y: 0.57794887, z: 0.5869219}
    - {x: 0.58752954, y: 0.5767532, z: 0.5675956}
    - {x: -0.71605176, y: 0, z: -0.69804716}
    - {x: -0.58407253, y: 0.57849646, z: -0.56938654}
    - {x: 0.57051355, y: 0.57620966, z: -0.58523214}
    - {x: 0.5702508, y: 0.57633966, z: -0.5853602}
    - {x: -0.71605176, y: 0, z: -0.69804716}
    - {x: -0.0107280975, y: 0, z: -0.9999424}
    - {x: -0.71605176, y: 0, z: -0.69804716}
    - {x: 0.5688494, y: 0.5770339, z: -0.5860395}
    - {x: 0.56978625, y: 0.57656974, z: -0.58558595}
    - {x: -0.010728084, y: 0, z: -0.9999424}
    - {x: -0.71605164, y: 0, z: -0.6980473}
    - {x: -0.010728089, y: 0, z: -0.9999424}
    - {x: -0.015301347, y: 0, z: -0.99988294}
    - {x: -0.01530132, y: 0, z: -0.99988294}
    - {x: -0.58740675, y: 0.5768163, z: -0.56765854}
    - {x: -0.018589038, y: 0, z: -0.9998272}
    - {x: -0.018589033, y: 0, z: -0.9998272}
    - {x: -0.018534634, y: 0, z: -0.9998282}
    - {x: -0.018534612, y: 0, z: -0.9998282}
    - {x: -0.018534638, y: 0, z: -0.9998282}
    - {x: 0.6948007, y: 0, z: -0.7192023}
    - {x: 0.69480073, y: 0, z: -0.7192023}
    - {x: 0.6948007, y: 0, z: -0.7192023}
    - {x: 0.6948007, y: 0, z: -0.7192023}
    - {x: -0.587456, y: 0.5767905, z: -0.5676338}
    - {x: -0.58733237, y: 0.57685363, z: -0.5676975}
    - {x: -0.58752996, y: 0.57675344, z: -0.56759495}
    - {x: 0.5670079, y: 0.5779492, z: -0.5869214}
    - {x: 0.5670079, y: 0.5779492, z: -0.5869214}
    - {x: -0.58752996, y: 0.57675344, z: -0.56759495}
    - {x: -0.5670077, y: 0.57794887, z: 0.5869219}
    - {x: 0.58752954, y: 0.5767532, z: 0.5675956}
    - {x: -0.5670077, y: 0.57794887, z: 0.5869219}
    - {x: -0.58752996, y: 0.57675344, z: -0.56759495}
    - {x: -0.587456, y: 0.5767905, z: -0.5676338}
    - {x: -0.567083, y: 0.5779116, z: 0.58688587}
    - {x: -0.567083, y: 0.5779116, z: 0.58688587}
    - {x: -0.587456, y: 0.5767905, z: -0.5676338}
    - {x: -0.58733237, y: 0.57685363, z: -0.5676975}
    - {x: -0.56720877, y: 0.5778482, z: 0.5868268}
    - {x: -0.56720877, y: 0.5778482, z: 0.5868268}
    - {x: -0.58733237, y: 0.57685363, z: -0.5676975}
    - {x: -0.58740675, y: 0.5768163, z: -0.56765854}
    - {x: -0.567133, y: 0.5778857, z: 0.58686304}
    - {x: -0.567133, y: 0.5778857, z: 0.58686304}
    - {x: -0.58740675, y: 0.5768163, z: -0.56765854}
    - {x: 0.5688494, y: 0.5770339, z: -0.5860395}
    - {x: 0.5857181, y: 0.5776672, z: 0.5685375}
    - {x: 0.5857181, y: 0.5776672, z: 0.5685375}
    - {x: 0.5688494, y: 0.5770339, z: -0.5860395}
    - {x: 0.56978625, y: 0.57656974, z: -0.58558595}
    - {x: 0.58479315, y: 0.578134, z: 0.56901497}
    - {x: 0.58479315, y: 0.578134, z: 0.56901497}
    - {x: 0.56978625, y: 0.57656974, z: -0.58558595}
    - {x: 0.5702508, y: 0.57633966, z: -0.5853602}
    - {x: 0.5843338, y: 0.5783662, z: 0.56925094}
    - {x: 0.5843338, y: 0.5783662, z: 0.56925094}
    - {x: 0.5702508, y: 0.57633966, z: -0.5853602}
    - {x: 0.57051355, y: 0.57620966, z: -0.58523214}
    - {x: 0.5840737, y: 0.5784977, z: 0.5693842}
--- !u!1001 &2590381380757211151
PrefabInstance:
  m_ObjectHideFlags: 0
  serializedVersion: 2
  m_Modification:
    m_TransformParent: {fileID: 8338338430012278462}
    m_Modifications:
    - target: {fileID: -4216859302048453862, guid: 2d1c52156d2d18842a1401ed90bcae53,
        type: 3}
      propertyPath: m_LocalPosition.x
      value: 0
      objectReference: {fileID: 0}
    - target: {fileID: -4216859302048453862, guid: 2d1c52156d2d18842a1401ed90bcae53,
        type: 3}
      propertyPath: m_LocalPosition.y
      value: 0
      objectReference: {fileID: 0}
    - target: {fileID: -4216859302048453862, guid: 2d1c52156d2d18842a1401ed90bcae53,
        type: 3}
      propertyPath: m_LocalPosition.z
      value: 0
      objectReference: {fileID: 0}
    - target: {fileID: -4216859302048453862, guid: 2d1c52156d2d18842a1401ed90bcae53,
        type: 3}
      propertyPath: m_LocalRotation.x
      value: -0
      objectReference: {fileID: 0}
    - target: {fileID: -4216859302048453862, guid: 2d1c52156d2d18842a1401ed90bcae53,
        type: 3}
      propertyPath: m_LocalRotation.y
      value: 1
      objectReference: {fileID: 0}
    - target: {fileID: -4216859302048453862, guid: 2d1c52156d2d18842a1401ed90bcae53,
        type: 3}
      propertyPath: m_LocalRotation.z
      value: -0
      objectReference: {fileID: 0}
    - target: {fileID: -4216859302048453862, guid: 2d1c52156d2d18842a1401ed90bcae53,
        type: 3}
      propertyPath: m_LocalRotation.w
      value: 0
      objectReference: {fileID: 0}
    - target: {fileID: -4216859302048453862, guid: 2d1c52156d2d18842a1401ed90bcae53,
        type: 3}
      propertyPath: m_RootOrder
      value: 0
      objectReference: {fileID: 0}
    - target: {fileID: -4216859302048453862, guid: 2d1c52156d2d18842a1401ed90bcae53,
        type: 3}
      propertyPath: m_LocalEulerAnglesHint.x
      value: 0
      objectReference: {fileID: 0}
    - target: {fileID: -4216859302048453862, guid: 2d1c52156d2d18842a1401ed90bcae53,
        type: 3}
      propertyPath: m_LocalEulerAnglesHint.y
      value: 180
      objectReference: {fileID: 0}
    - target: {fileID: -4216859302048453862, guid: 2d1c52156d2d18842a1401ed90bcae53,
        type: 3}
      propertyPath: m_LocalEulerAnglesHint.z
      value: 0
      objectReference: {fileID: 0}
    - target: {fileID: -4216859302048453862, guid: 2d1c52156d2d18842a1401ed90bcae53,
        type: 3}
      propertyPath: m_LocalScale.x
      value: 1
      objectReference: {fileID: 0}
    - target: {fileID: -4216859302048453862, guid: 2d1c52156d2d18842a1401ed90bcae53,
        type: 3}
      propertyPath: m_LocalScale.y
      value: 1
      objectReference: {fileID: 0}
    - target: {fileID: -4216859302048453862, guid: 2d1c52156d2d18842a1401ed90bcae53,
        type: 3}
      propertyPath: m_LocalScale.z
      value: 1
      objectReference: {fileID: 0}
    - target: {fileID: -1504981713932161579, guid: 2d1c52156d2d18842a1401ed90bcae53,
        type: 3}
      propertyPath: m_Materials.Array.data[0]
      value: 
      objectReference: {fileID: 2100000, guid: 6455a559a33def34298de07090462306, type: 2}
    - target: {fileID: -927199367670048503, guid: 2d1c52156d2d18842a1401ed90bcae53,
        type: 3}
      propertyPath: m_Name
      value: SM_LegoHouse
      objectReference: {fileID: 0}
    m_RemovedComponents: []
  m_SourcePrefab: {fileID: 100100000, guid: 2d1c52156d2d18842a1401ed90bcae53, type: 3}
--- !u!1 &5824015452134609158 stripped
GameObject:
  m_CorrespondingSourceObject: {fileID: -927199367670048503, guid: 2d1c52156d2d18842a1401ed90bcae53,
    type: 3}
  m_PrefabInstance: {fileID: 2590381380757211151}
  m_PrefabAsset: {fileID: 0}
--- !u!4 &7388250754697945877 stripped
Transform:
  m_CorrespondingSourceObject: {fileID: -4216859302048453862, guid: 2d1c52156d2d18842a1401ed90bcae53,
    type: 3}
  m_PrefabInstance: {fileID: 2590381380757211151}
  m_PrefabAsset: {fileID: 0}
