%YAML 1.1
%TAG !u! tag:unity3d.com,2011:
--- !u!1 &1555746183069771886
GameObject:
  m_ObjectHideFlags: 0
  m_CorrespondingSourceObject: {fileID: 0}
  m_PrefabInstance: {fileID: 0}
  m_PrefabAsset: {fileID: 0}
  serializedVersion: 6
  m_Component:
  - component: {fileID: 5715838720278130719}
  m_Layer: 0
  m_Name: Kettle
  m_TagString: Untagged
  m_Icon: {fileID: 0}
  m_NavMeshLayer: 0
  m_StaticEditorFlags: 0
  m_IsActive: 1
--- !u!4 &5715838720278130719
Transform:
  m_ObjectHideFlags: 0
  m_CorrespondingSourceObject: {fileID: 0}
  m_PrefabInstance: {fileID: 0}
  m_PrefabAsset: {fileID: 0}
  m_GameObject: {fileID: 1555746183069771886}
  m_LocalRotation: {x: 0, y: 0, z: 0, w: 1}
  m_LocalPosition: {x: 0, y: 0, z: 0}
  m_LocalScale: {x: 1, y: 1, z: 1}
  m_Children:
  - {fileID: 7197526629265033460}
  - {fileID: 5120337033761005201}
  - {fileID: 2567752454025666901}
  - {fileID: 4168296393956890676}
  - {fileID: 8097426703923050159}
  m_Father: {fileID: 0}
  m_RootOrder: 0
  m_LocalEulerAnglesHint: {x: 0, y: 0, z: 0}
--- !u!1 &2843457577055127476
GameObject:
  m_ObjectHideFlags: 0
  m_CorrespondingSourceObject: {fileID: 0}
  m_PrefabInstance: {fileID: 0}
  m_PrefabAsset: {fileID: 0}
  serializedVersion: 6
  m_Component:
  - component: {fileID: 8097426703923050159}
  - component: {fileID: 7100442960092037762}
  - component: {fileID: 3337680269801256174}
  m_Layer: 0
  m_Name: TrapMarker
  m_TagString: Untagged
  m_Icon: {fileID: 0}
  m_NavMeshLayer: 0
  m_StaticEditorFlags: 0
  m_IsActive: 1
--- !u!4 &8097426703923050159
Transform:
  m_ObjectHideFlags: 0
  m_CorrespondingSourceObject: {fileID: 0}
  m_PrefabInstance: {fileID: 0}
  m_PrefabAsset: {fileID: 0}
  m_GameObject: {fileID: 2843457577055127476}
  m_LocalRotation: {x: 0, y: 0, z: 0, w: 1}
  m_LocalPosition: {x: 0, y: -0.502, z: 0}
  m_LocalScale: {x: 1, y: 1, z: 1}
  m_Children: []
  m_Father: {fileID: 5715838720278130719}
  m_RootOrder: 4
  m_LocalEulerAnglesHint: {x: 0, y: 0, z: 0}
--- !u!2083052967 &7100442960092037762
VisualEffect:
  m_ObjectHideFlags: 0
  m_CorrespondingSourceObject: {fileID: 0}
  m_PrefabInstance: {fileID: 0}
  m_PrefabAsset: {fileID: 0}
  m_GameObject: {fileID: 2843457577055127476}
  m_Enabled: 1
  m_Asset: {fileID: 8926484042661614526, guid: 2b1f24c61eae2344db344f9249158e7f, type: 3}
  m_InitialEventName: OnPlay
  m_InitialEventNameOverriden: 0
  m_StartSeed: 0
  m_ResetSeedOnPlay: 1
  m_PropertySheet:
    m_Float:
      m_Array: []
    m_Vector2f:
      m_Array: []
    m_Vector3f:
      m_Array: []
    m_Vector4f:
      m_Array: []
    m_Uint:
      m_Array: []
    m_Int:
      m_Array: []
    m_Matrix4x4f:
      m_Array: []
    m_AnimationCurve:
      m_Array: []
    m_Gradient:
      m_Array: []
    m_NamedObject:
      m_Array: []
    m_Bool:
      m_Array: []
--- !u!73398921 &3337680269801256174
VFXRenderer:
  m_ObjectHideFlags: 0
  m_CorrespondingSourceObject: {fileID: 0}
  m_PrefabInstance: {fileID: 0}
  m_PrefabAsset: {fileID: 0}
  m_GameObject: {fileID: 2843457577055127476}
  m_Enabled: 1
  m_CastShadows: 0
  m_ReceiveShadows: 0
  m_DynamicOccludee: 1
  m_MotionVectors: 0
  m_LightProbeUsage: 0
  m_ReflectionProbeUsage: 0
  m_RayTracingMode: 0
  m_RenderingLayerMask: 1
  m_RendererPriority: 0
  m_Materials:
  - {fileID: 0}
  m_StaticBatchInfo:
    firstSubMesh: 0
    subMeshCount: 0
  m_StaticBatchRoot: {fileID: 0}
  m_ProbeAnchor: {fileID: 0}
  m_LightProbeVolumeOverride: {fileID: 0}
  m_ScaleInLightmap: 1
  m_ReceiveGI: 1
  m_PreserveUVs: 0
  m_IgnoreNormalsForChartDetection: 0
  m_ImportantGI: 0
  m_StitchLightmapSeams: 1
  m_SelectedEditorRenderState: 3
  m_MinimumChartSize: 4
  m_AutoUVMaxDistance: 0.5
  m_AutoUVMaxAngle: 89
  m_LightmapParameters: {fileID: 0}
  m_SortingLayerID: 0
  m_SortingLayer: 0
  m_SortingOrder: 0
--- !u!1 &4644463132902436185
GameObject:
  m_ObjectHideFlags: 0
  m_CorrespondingSourceObject: {fileID: 0}
  m_PrefabInstance: {fileID: 0}
  m_PrefabAsset: {fileID: 0}
  serializedVersion: 6
  m_Component:
  - component: {fileID: 2567752454025666901}
  - component: {fileID: 9103183259956382855}
  - component: {fileID: 433382838162766393}
  m_Layer: 0
  m_Name: Trap Activate VFX
  m_TagString: Untagged
  m_Icon: {fileID: 0}
  m_NavMeshLayer: 0
  m_StaticEditorFlags: 0
  m_IsActive: 1
--- !u!4 &2567752454025666901
Transform:
  m_ObjectHideFlags: 0
  m_CorrespondingSourceObject: {fileID: 0}
  m_PrefabInstance: {fileID: 0}
  m_PrefabAsset: {fileID: 0}
  m_GameObject: {fileID: 4644463132902436185}
  m_LocalRotation: {x: 0, y: 0, z: 0, w: 1}
  m_LocalPosition: {x: 0, y: 0, z: 0}
  m_LocalScale: {x: 1, y: 1, z: 1}
  m_Children: []
  m_Father: {fileID: 5715838720278130719}
  m_RootOrder: 2
  m_LocalEulerAnglesHint: {x: 0, y: 0, z: 0}
--- !u!2083052967 &9103183259956382855
VisualEffect:
  m_ObjectHideFlags: 0
  m_CorrespondingSourceObject: {fileID: 0}
  m_PrefabInstance: {fileID: 0}
  m_PrefabAsset: {fileID: 0}
  m_GameObject: {fileID: 4644463132902436185}
  m_Enabled: 1
  m_Asset: {fileID: 8926484042661614526, guid: cb0a60dedb95bad4b955459bfe3d0997, type: 3}
  m_InitialEventName: 
  m_InitialEventNameOverriden: 1
  m_StartSeed: 0
  m_ResetSeedOnPlay: 1
  m_PropertySheet:
    m_Float:
      m_Array: []
    m_Vector2f:
      m_Array: []
    m_Vector3f:
      m_Array: []
    m_Vector4f:
      m_Array: []
    m_Uint:
      m_Array: []
    m_Int:
      m_Array: []
    m_Matrix4x4f:
      m_Array: []
    m_AnimationCurve:
      m_Array: []
    m_Gradient:
      m_Array: []
    m_NamedObject:
      m_Array: []
    m_Bool:
      m_Array: []
--- !u!73398921 &433382838162766393
VFXRenderer:
  m_ObjectHideFlags: 0
  m_CorrespondingSourceObject: {fileID: 0}
  m_PrefabInstance: {fileID: 0}
  m_PrefabAsset: {fileID: 0}
  m_GameObject: {fileID: 4644463132902436185}
  m_Enabled: 1
  m_CastShadows: 0
  m_ReceiveShadows: 0
  m_DynamicOccludee: 1
  m_MotionVectors: 0
  m_LightProbeUsage: 0
  m_ReflectionProbeUsage: 0
  m_RayTracingMode: 0
  m_RenderingLayerMask: 1
  m_RendererPriority: 0
  m_Materials:
  - {fileID: 0}
  - {fileID: 0}
  m_StaticBatchInfo:
    firstSubMesh: 0
    subMeshCount: 0
  m_StaticBatchRoot: {fileID: 0}
  m_ProbeAnchor: {fileID: 0}
  m_LightProbeVolumeOverride: {fileID: 0}
  m_ScaleInLightmap: 1
  m_ReceiveGI: 1
  m_PreserveUVs: 0
  m_IgnoreNormalsForChartDetection: 0
  m_ImportantGI: 0
  m_StitchLightmapSeams: 1
  m_SelectedEditorRenderState: 3
  m_MinimumChartSize: 4
  m_AutoUVMaxDistance: 0.5
  m_AutoUVMaxAngle: 89
  m_LightmapParameters: {fileID: 0}
  m_SortingLayerID: 0
  m_SortingLayer: 0
  m_SortingOrder: 0
--- !u!114 &184834332924940406
MonoBehaviour:
  m_ObjectHideFlags: 0
  m_CorrespondingSourceObject: {fileID: 0}
  m_PrefabInstance: {fileID: 0}
  m_PrefabAsset: {fileID: 0}
  m_GameObject: {fileID: 6177137195344149223}
  m_Enabled: 1
  m_EditorHideFlags: 0
  m_Script: {fileID: 11500000, guid: 5fea29bb7c508c244a1f805a5fd3fc4d, type: 3}
  m_Name: 
  m_EditorClassIdentifier: 
  outlineMode: 3
  outlineColor: {r: 1, g: 0.28235295, b: 0.22352941, a: 1}
  outlineWidth: 1
  precomputeOutline: 1
  bakeKeys:
  - {fileID: -5574444439875407761, guid: a3a51b76a9086b24eac344c01d517c24, type: 3}
  bakeValues:
  - data:
    - {x: -0.99998546, y: -0.0054028267, z: 0}
    - {x: -0.90763587, y: -0.15108778, z: -0.39162442}
    - {x: -0.92847157, y: -0.0053320727, z: -0.3713652}
    - {x: -0.9865993, y: -0.16316159, z: 0}
    - {x: -0.92847157, y: -0.005332102, z: 0.3713652}
    - {x: -0.79084444, y: -0.4334348, z: -0.43208724}
    - {x: -0.9076358, y: -0.15108779, z: 0.3916244}
    - {x: -0.6266671, y: -0.0051066102, z: 0.77927047}
    - {x: -0.87818784, y: -0.47831595, z: 0}
    - {x: -0.49882165, y: -0.71139187, z: -0.49507436}
    - {x: -0.5948881, y: -0.103921995, z: 0.7970623}
    - {x: 0.05310689, y: -0.004403019, z: 0.99857914}
    - {x: -0.7908444, y: -0.43343484, z: 0.43208724}
    - {x: -0.5779344, y: -0.81608325, z: 0}
    - {x: 0, y: -0.8507605, z: -0.52555364}
    - {x: 0.046545256, y: -0.0026882673, z: 0.9989126}
    - {x: 0.6737443, y: -0.0035821486, z: 0.7389559}
    - {x: -0.48400173, y: -0.27421013, z: 0.830994}
    - {x: -0.49882162, y: -0.7113918, z: 0.49507433}
    - {x: 0, y: -1, z: 0}
    - {x: 0.49882162, y: -0.7113919, z: -0.49507424}
    - {x: 0.6383974, y: 0.10080561, z: 0.7630773}
    - {x: 0.93507165, y: -0.0034315803, z: 0.3544421}
    - {x: 0.04670185, y: 0.011243259, z: 0.9988456}
    - {x: -0.27037802, y: -0.4034083, z: 0.874161}
    - {x: 0, y: -0.85076046, z: 0.5255536}
    - {x: 0.5779344, y: -0.81608325, z: 0}
    - {x: 0.79084456, y: -0.43343502, z: -0.43208683}
    - {x: 0.9138061, y: 0.1513212, z: 0.37690902}
    - {x: 0.9999939, y: -0.0034888147, z: 0}
    - {x: 0.5331205, y: 0.28872156, z: 0.7952499}
    - {x: 0.0436397, y: 0.038421907, z: 0.9983083}
    - {x: 0, y: -0.4562776, z: 0.88983744}
    - {x: 0.49882168, y: -0.7113919, z: 0.49507424}
    - {x: 0.8781877, y: -0.47831604, z: 0}
    - {x: 0.9076362, y: -0.15108785, z: -0.3916236}
    - {x: 0.9863663, y: 0.16456476, z: 0}
    - {x: 0.93507165, y: -0.0034315968, z: -0.35444212}
    - {x: 0.7944771, y: 0.44512856, z: 0.41311836}
    - {x: 0.3244005, y: 0.4588935, z: 0.82715243}
    - {x: 0, y: 0.055007387, z: 0.998486}
    - {x: 0.27037847, y: -0.4034087, z: 0.8741607}
    - {x: 0.7908445, y: -0.43343496, z: 0.4320868}
    - {x: 0.9865993, y: -0.16316152, z: 0}
    - {x: 0.9284719, y: -0.005332008, z: -0.37136438}
    - {x: 0.99998546, y: -0.005402528, z: 0}
    - {x: 0.9076362, y: -0.1510878, z: 0.3916236}
    - {x: 0.9284719, y: -0.00533198, z: 0.37136438}
    - {x: 0.4840023, y: -0.27421033, z: 0.8309936}
    - {x: 0.5948883, y: -0.103922024, z: 0.79706216}
    - {x: 0.6266669, y: -0.0051066456, z: 0.7792705}
    - {x: -0.043639645, y: 0.03842176, z: 0.9983083}
    - {x: -0.046701986, y: 0.011243256, z: 0.9988456}
    - {x: -0.04654533, y: -0.0026881914, z: 0.9989126}
    - {x: -0.05310682, y: -0.004403044, z: 0.99857914}
    - {x: 0, y: 0.53894985, z: 0.8423378}
    - {x: -0.3244004, y: 0.45889306, z: 0.8271526}
    - {x: -0.53312045, y: 0.28872153, z: 0.79525}
    - {x: -0.6383973, y: 0.10080563, z: 0.76307744}
    - {x: -0.67374426, y: -0.0035820848, z: 0.7389559}
    - {x: 0.49952552, y: 0.73614436, z: 0.45668998}
    - {x: 0, y: 0.87844706, z: 0.47783974}
    - {x: -0.4995256, y: 0.73614436, z: 0.4566899}
    - {x: -0.7944771, y: 0.44512856, z: 0.41311833}
    - {x: -0.9138061, y: 0.1513212, z: 0.37690902}
    - {x: -0.93507165, y: -0.0034314739, z: 0.35444218}
    - {x: 0.8708049, y: 0.49162874, z: 0}
    - {x: 0.55739576, y: 0.8302469, z: 0}
    - {x: 0, y: 1, z: 0}
    - {x: -0.5573957, y: 0.830247, z: 0}
    - {x: -0.87080497, y: 0.49162862, z: 0}
    - {x: -0.9863663, y: 0.16456485, z: 0}
    - {x: -0.9999939, y: -0.003488724, z: 0}
    - {x: 0.9138061, y: 0.15132113, z: -0.376909}
    - {x: 0.6737443, y: -0.0035821446, z: -0.7389559}
    - {x: 0.79447716, y: 0.4451284, z: -0.4131183}
    - {x: 0.63839734, y: 0.10080558, z: -0.7630774}
    - {x: 0.05310689, y: -0.004403003, z: -0.99857914}
    - {x: -0.9138061, y: 0.15132114, z: -0.37690902}
    - {x: -0.93507165, y: -0.003431515, z: -0.35444212}
    - {x: -0.7944771, y: 0.44512856, z: -0.41311833}
    - {x: 0.49952555, y: 0.73614436, z: -0.45668998}
    - {x: 0.046544984, y: -0.002688316, z: -0.9989126}
    - {x: -0.6266671, y: -0.0051065884, z: -0.77927047}
    - {x: 0.53312045, y: 0.2887215, z: -0.79524994}
    - {x: -0.6383973, y: 0.1008056, z: -0.76307744}
    - {x: -0.6737444, y: -0.00358213, z: -0.7389558}
    - {x: 0, y: 0.87844706, z: -0.47783974}
    - {x: -0.59488827, y: -0.103922, z: -0.79706216}
    - {x: -0.92847157, y: -0.0053320727, z: -0.3713652}
    - {x: -0.90763587, y: -0.15108778, z: -0.39162442}
    - {x: 0.04670167, y: 0.011243226, z: -0.9988456}
    - {x: 0.3244005, y: 0.4588935, z: -0.82715243}
    - {x: -0.484002, y: -0.27421013, z: -0.83099395}
    - {x: -0.79084444, y: -0.4334348, z: -0.43208724}
    - {x: -0.49952552, y: 0.73614436, z: -0.45668998}
    - {x: 0.043639738, y: 0.0384219, z: -0.9983083}
    - {x: -0.27037802, y: -0.4034083, z: -0.874161}
    - {x: -0.49882165, y: -0.71139187, z: -0.49507436}
    - {x: 0, y: 0.53894985, z: -0.8423378}
    - {x: -0.3244004, y: 0.45889306, z: -0.8271526}
    - {x: 0, y: 0.055007387, z: -0.998486}
    - {x: 0, y: -0.45627764, z: -0.88983744}
    - {x: 0, y: -0.8507605, z: -0.52555364}
    - {x: -0.53312045, y: 0.28872153, z: -0.79524994}
    - {x: -0.043639667, y: 0.038421776, z: -0.9983083}
    - {x: 0.27037847, y: -0.4034087, z: -0.8741607}
    - {x: 0.49882162, y: -0.7113919, z: -0.49507424}
    - {x: -0.046701785, y: 0.011243195, z: -0.9988456}
    - {x: 0.48400256, y: -0.27421033, z: -0.83099353}
    - {x: 0.79084456, y: -0.43343502, z: -0.43208683}
    - {x: -0.04654502, y: -0.0026882947, z: -0.9989126}
    - {x: -0.05310686, y: -0.004403055, z: -0.99857914}
    - {x: 0.5948883, y: -0.10392211, z: -0.79706204}
    - {x: 0.9076362, y: -0.15108785, z: -0.3916236}
    - {x: 0.6266669, y: -0.0051066987, z: -0.7792705}
    - {x: 0.9284719, y: -0.005332008, z: -0.37136438}
    - {x: -0.0019905742, y: 0.999998, z: -0.00000022007195}
    - {x: 0.71959955, y: 0.47457066, z: 0.50691146}
    - {x: 0.14499782, y: 0.8210656, z: 0.5521113}
    - {x: 0.8960445, y: 0.44396412, z: 0}
    - {x: -0.09707538, y: 0.8608348, z: -0.49953958}
    - {x: 0.80184793, y: 0.35331768, z: -0.4818781}
    - {x: -0.3108329, y: 0.5577239, z: -0.76962787}
    - {x: 0.56105876, y: 0.11719516, z: -0.8194378}
    - {x: -0.54601514, y: 0.24034512, z: -0.8025595}
    - {x: 0.25294954, y: -0.19575556, z: -0.94746834}
    - {x: -0.75523204, y: -0.027950184, z: -0.65486133}
    - {x: -0.057488196, y: -0.52527905, z: -0.84898585}
    - {x: -0.90499365, y: -0.21223561, z: -0.36870378}
    - {x: -0.3061034, y: -0.80029404, z: -0.5155872}
    - {x: -0.96035063, y: -0.27879503, z: 0}
    - {x: -0.40615305, y: -0.9138051, z: 0}
    - {x: -0.90499365, y: -0.21223582, z: 0.36870375}
    - {x: -0.3061034, y: -0.8002942, z: 0.515587}
    - {x: -0.7552321, y: -0.027950242, z: 0.6548613}
    - {x: -0.05748846, y: -0.5252793, z: 0.8489857}
    - {x: -0.546015, y: 0.24034522, z: 0.80255955}
    - {x: 0.25294915, y: -0.19575562, z: 0.9474684}
    - {x: -0.3108326, y: 0.557724, z: 0.76962787}
    - {x: 0.56105864, y: 0.11719507, z: 0.8194379}
    - {x: 0.14499782, y: 0.8210656, z: 0.5521113}
    - {x: 0.71959955, y: 0.47457066, z: 0.50691146}
    - {x: -0.47117054, y: 0.7035849, z: -0.53194606}
    - {x: 0.48582676, y: 0.69568014, z: -0.52915174}
    - {x: 0.039174836, y: 0.8865783, z: -0.46091664}
    - {x: 0.24271853, y: 0.41561514, z: -0.87655675}
    - {x: -0.65775806, y: 0.48533222, z: -0.5760269}
    - {x: -0.07237367, y: 0.076362155, z: -0.9944501}
    - {x: -0.8283839, y: 0.28883356, z: -0.47995332}
    - {x: -0.39891773, y: -0.25580725, z: -0.88058347}
    - {x: -0.9506679, y: 0.15154788, z: -0.27067265}
    - {x: -0.67144823, y: -0.5154963, z: -0.5323728}
    - {x: -0.99409723, y: 0.10840779, z: 0.0042991065}
    - {x: -0.79170084, y: -0.6108828, z: -0.005651606}
    - {x: -0.9479998, y: 0.16982368, z: 0.26917714}
    - {x: -0.6985489, y: -0.49192637, z: 0.5196516}
    - {x: -0.8317215, y: 0.31078583, z: 0.4600561}
    - {x: -0.44644248, y: -0.21869153, z: 0.8676768}
    - {x: -0.67294145, y: 0.497612, z: 0.5472952}
    - {x: -0.12749158, y: 0.11772465, z: 0.9848283}
    - {x: -0.49510765, y: 0.7026485, z: 0.5110318}
    - {x: 0.19521743, y: 0.45392054, z: 0.8693943}
    - {x: -0.3339099, y: 0.884648, z: 0.32542613}
    - {x: 0.45892003, y: 0.72074556, z: 0.51953655}
    - {x: -0.25648078, y: 0.96653676, z: 0.004932721}
    - {x: 0.5738886, y: 0.8189094, z: -0.006270921}
    - {x: 0.039174836, y: 0.8865783, z: -0.46091664}
    - {x: 0.48582676, y: 0.69568014, z: -0.52915174}
    - {x: -0.3639129, y: 0.685762, z: -0.6303158}
    - {x: -0.2760001, y: 0.83384407, z: -0.478046}
    - {x: 0, y: 0.83384407, z: -0.552}
    - {x: 0, y: 0.6857621, z: -0.7278258}
    - {x: -0.44429624, y: 0.45869732, z: -0.76954377}
    - {x: 0.27600005, y: 0.833844, z: -0.4780461}
    - {x: 0, y: 0.45869732, z: -0.8885926}
    - {x: -0.4936271, y: 0.1591509, z: -0.8549873}
    - {x: 0.3639129, y: 0.6857621, z: -0.63031566}
    - {x: 0.4780461, y: 0.83384407, z: -0.2759999}
    - {x: 0, y: 0.1591509, z: -0.9872543}
    - {x: -0.43442613, y: 0.49507165, z: -0.75244796}
    - {x: 0, y: 0.49507165, z: -0.86885214}
    - {x: 0.44429624, y: 0.45869732, z: -0.76954377}
    - {x: 0.63031566, y: 0.6857621, z: -0.36391288}
    - {x: 0.55200005, y: 0.83384407, z: 0}
    - {x: 0.4936271, y: 0.15915087, z: -0.8549873}
    - {x: 0.4344261, y: 0.49507168, z: -0.7524481}
    - {x: 0.7695438, y: 0.4586972, z: -0.44429624}
    - {x: 0.7278259, y: 0.68576205, z: 0}
    - {x: 0.4780461, y: 0.83384407, z: 0.2759999}
    - {x: 0.8549873, y: 0.15915084, z: -0.49362716}
    - {x: 0.7524481, y: 0.49507165, z: -0.4344261}
    - {x: 0.8885926, y: 0.45869723, z: 0}
    - {x: 0.63031566, y: 0.68576205, z: 0.36391288}
    - {x: 0.27600005, y: 0.833844, z: 0.4780461}
    - {x: 0.9872543, y: 0.15915082, z: 0}
    - {x: 0.8688522, y: 0.4950716, z: 0}
    - {x: 0.76954377, y: 0.45869726, z: 0.44429633}
    - {x: 0.3639129, y: 0.6857621, z: 0.63031566}
    - {x: 0, y: 0.83384407, z: 0.552}
    - {x: 0.8549873, y: 0.15915082, z: 0.49362716}
    - {x: 0.7524481, y: 0.49507165, z: 0.4344261}
    - {x: 0.4442963, y: 0.45869726, z: 0.76954377}
    - {x: 0, y: 0.6857621, z: 0.7278258}
    - {x: -0.27600005, y: 0.833844, z: 0.4780461}
    - {x: 0.49362716, y: 0.15915091, z: 0.8549873}
    - {x: 0.4344261, y: 0.49507168, z: 0.75244796}
    - {x: 0, y: 0.45869723, z: 0.8885926}
    - {x: -0.36391294, y: 0.68576205, z: 0.6303157}
    - {x: -0.47804618, y: 0.8338439, z: 0.27600032}
    - {x: 0, y: 0.1591509, z: 0.9872543}
    - {x: 0, y: 0.49507168, z: 0.86885214}
    - {x: -0.44429624, y: 0.45869732, z: 0.76954377}
    - {x: -0.63031566, y: 0.685762, z: 0.36391303}
    - {x: -0.5520003, y: 0.8338439, z: 0}
    - {x: -0.4936271, y: 0.15915088, z: 0.8549873}
    - {x: -0.43442616, y: 0.4950716, z: 0.7524481}
    - {x: -0.7695438, y: 0.4586973, z: 0.44429624}
    - {x: -0.7278259, y: 0.685762, z: 0}
    - {x: -0.47804624, y: 0.833844, z: -0.27600014}
    - {x: -0.8549873, y: 0.15915087, z: 0.4936271}
    - {x: -0.75244796, y: 0.49507168, z: 0.43442613}
    - {x: -0.8885926, y: 0.45869732, z: 0}
    - {x: -0.63031566, y: 0.685762, z: -0.36391303}
    - {x: -0.2760001, y: 0.83384407, z: -0.478046}
    - {x: -0.3639129, y: 0.685762, z: -0.6303158}
    - {x: -0.9872543, y: 0.1591509, z: 0}
    - {x: -0.868852, y: 0.4950718, z: 0}
    - {x: -0.76954377, y: 0.45869735, z: -0.4442963}
    - {x: -0.44429624, y: 0.45869732, z: -0.76954377}
    - {x: -0.8549873, y: 0.1591509, z: -0.49362716}
    - {x: -0.75244796, y: 0.49507168, z: -0.43442604}
    - {x: -0.4936271, y: 0.1591509, z: -0.8549873}
    - {x: -0.43442613, y: 0.49507165, z: -0.75244796}
    - {x: -0.75911033, y: -0.48131967, z: -0.43827254}
    - {x: -0.49701095, y: -0.10917976, z: -0.8608484}
    - {x: -0.43827266, y: -0.48132, z: -0.75911015}
    - {x: -0.86084825, y: -0.10917987, z: -0.49701113}
    - {x: -0.8765453, y: -0.4813193, z: 0}
    - {x: -0.3847834, y: 0.6385662, z: -0.6664645}
    - {x: -0.99402195, y: -0.10917985, z: 0}
    - {x: -0.7591104, y: -0.4813195, z: 0.43827263}
    - {x: -0.6664645, y: 0.63856626, z: -0.38478345}
    - {x: -0.43442613, y: 0.49507165, z: -0.75244796}
    - {x: -0.75244796, y: 0.49507168, z: -0.43442604}
    - {x: -0.769567, y: 0.63856614, z: 0}
    - {x: -0.868852, y: 0.4950718, z: 0}
    - {x: -0.8608483, y: -0.109179564, z: 0.49701104}
    - {x: -0.43827266, y: -0.48131996, z: 0.75911015}
    - {x: -0.6664645, y: 0.63856626, z: 0.3847834}
    - {x: -0.75244796, y: 0.49507168, z: 0.43442613}
    - {x: -0.49701095, y: -0.10917968, z: 0.8608483}
    - {x: 0, y: -0.48132014, z: 0.8765449}
    - {x: -0.3847834, y: 0.63856626, z: 0.6664645}
    - {x: -0.43442616, y: 0.4950716, z: 0.7524481}
    - {x: 0, y: -0.10917993, z: 0.99402195}
    - {x: 0.43827257, y: -0.48132, z: 0.75911015}
    - {x: 0, y: 0.6385662, z: 0.7695669}
    - {x: 0, y: 0.49507168, z: 0.86885214}
    - {x: 0.497011, y: -0.10917974, z: 0.8608483}
    - {x: 0.75911033, y: -0.48131967, z: 0.43827263}
    - {x: 0.38478336, y: 0.6385664, z: 0.6664644}
    - {x: 0.4344261, y: 0.49507168, z: 0.75244796}
    - {x: 0.8608483, y: -0.10917919, z: 0.49701104}
    - {x: 0.87654525, y: -0.48131946, z: 0}
    - {x: 0.6664642, y: 0.63856655, z: 0.38478336}
    - {x: 0.7524481, y: 0.49507165, z: 0.4344261}
    - {x: 0.9940221, y: -0.10917882, z: 0}
    - {x: 0.75911033, y: -0.4813197, z: -0.43827263}
    - {x: 0.76956666, y: 0.6385665, z: 0}
    - {x: 0.8688522, y: 0.4950716, z: 0}
    - {x: 0.8608483, y: -0.109179296, z: -0.49701115}
    - {x: 0.43827257, y: -0.48132, z: -0.75911015}
    - {x: 0.66646427, y: 0.6385665, z: -0.3847834}
    - {x: 0.7524481, y: 0.49507165, z: -0.4344261}
    - {x: 0.49701104, y: -0.10917984, z: -0.8608483}
    - {x: 0, y: -0.48132014, z: -0.8765449}
    - {x: 0.38478342, y: 0.63856626, z: -0.6664645}
    - {x: 0.4344261, y: 0.49507168, z: -0.7524481}
    - {x: 0, y: -0.10917991, z: -0.99402195}
    - {x: -0.43827266, y: -0.48132, z: -0.75911015}
    - {x: -0.49701095, y: -0.10917976, z: -0.8608484}
    - {x: 0, y: 0.6385662, z: -0.7695669}
    - {x: 0, y: 0.49507165, z: -0.86885214}
    - {x: -0.3847834, y: 0.6385662, z: -0.6664645}
    - {x: -0.43442613, y: 0.49507165, z: -0.75244796}
    - {x: -0.12848943, y: 0.96641725, z: 0.22254926}
    - {x: 0, y: 0.9323278, z: 0.3616144}
    - {x: 0, y: 0.9664171, z: 0.25697884}
    - {x: -0.1808074, y: 0.9323278, z: 0.31316724}
    - {x: -0.22255024, y: 0.966417, z: 0.12848958}
    - {x: 0, y: 0.8174118, z: 0.5760538}
    - {x: -0.31316784, y: 0.93232745, z: 0.18080738}
    - {x: -0.25697914, y: 0.9664169, z: 0}
    - {x: -0.28802672, y: 0.817412, z: 0.4988769}
    - {x: 0, y: 0.69228464, z: 0.72162455}
    - {x: -0.361615, y: 0.93232757, z: 0.00000034793686}
    - {x: -0.22255027, y: 0.966417, z: -0.12848958}
    - {x: -0.36081228, y: 0.69228494, z: 0.6249448}
    - {x: 0, y: 0.5404944, z: 0.84134763}
    - {x: -0.49887705, y: 0.817412, z: 0.28802663}
    - {x: -0.3131679, y: 0.93232757, z: -0.18080692}
    - {x: -0.12848943, y: 0.96641713, z: -0.22254995}
    - {x: -0.42067367, y: 0.5404943, z: 0.72862864}
    - {x: 0, y: -0.126808, z: 0.99192727}
    - {x: -0.62494504, y: 0.692285, z: 0.3608119}
    - {x: -0.5760536, y: 0.8174119, z: 0}
    - {x: -0.18080746, y: 0.9323278, z: -0.31316715}
    - {x: 0, y: 0.966417, z: -0.2569788}
    - {x: -0.49596316, y: -0.12680808, z: 0.8590345}
    - {x: 0, y: -0.25219133, z: 0.9676774}
    - {x: -0.48383886, y: -0.25219077, z: 0.83803326}
    - {x: -0.49887708, y: 0.817412, z: -0.2880266}
    - {x: -0.7216244, y: 0.6922848, z: -0.00000016077979}
    - {x: -0.7286283, y: 0.54049456, z: 0.42067382}
    - {x: -0.8590338, y: -0.12680818, z: 0.49596423}
    - {x: -0.83803344, y: -0.2521909, z: 0.48383856}
    - {x: 0, y: 0.9323277, z: -0.36161456}
    - {x: 0.12848945, y: 0.96641725, z: -0.22254944}
    - {x: -0.28802675, y: 0.8174121, z: -0.49887678}
    - {x: -0.6249449, y: 0.6922848, z: -0.36081222}
    - {x: -0.8413475, y: 0.5404946, z: 0}
    - {x: -0.99192715, y: -0.12680843, z: 0}
    - {x: -0.96767735, y: -0.25219142, z: 0.00000020354545}
    - {x: 0.18080743, y: 0.9323277, z: -0.31316742}
    - {x: 0.22255021, y: 0.96641684, z: -0.12849101}
    - {x: 0, y: 0.8174118, z: -0.57605386}
    - {x: -0.36081213, y: 0.6922848, z: -0.6249449}
    - {x: -0.72862846, y: 0.5404943, z: -0.4206739}
    - {x: -0.8590342, y: -0.12680832, z: -0.49596366}
    - {x: -0.83803356, y: -0.252191, z: -0.4838382}
    - {x: 0.3131679, y: 0.93232745, z: -0.1808076}
    - {x: 0.25697908, y: 0.966417, z: 0}
    - {x: 0.28802672, y: 0.81741184, z: -0.49887717}
    - {x: 0, y: 0.69228464, z: -0.72162443}
    - {x: -0.42067364, y: 0.5404942, z: -0.72862864}
    - {x: -0.49596396, y: -0.12680808, z: -0.859034}
    - {x: -0.4838393, y: -0.252191, z: -0.8380329}
    - {x: 0.361615, y: 0.93232757, z: 0}
    - {x: 0.22255021, y: 0.96641684, z: 0.12849101}
    - {x: 0.49887708, y: 0.8174121, z: -0.28802642}
    - {x: 0.36081216, y: 0.6922848, z: -0.6249449}
    - {x: 0, y: 0.5404945, z: -0.8413476}
    - {x: -0.00000012277602, y: -0.12680794, z: -0.99192727}
    - {x: -0.00000014926684, y: -0.25219125, z: -0.9676774}
    - {x: 0.31316787, y: 0.93232745, z: 0.18080728}
    - {x: 0.12848942, y: 0.9664171, z: 0.22255006}
    - {x: 0.57605356, y: 0.817412, z: 0}
    - {x: 0.6249451, y: 0.6922849, z: -0.36081195}
    - {x: 0.4206736, y: 0.5404945, z: -0.72862846}
    - {x: 0.49596316, y: -0.12680787, z: -0.85903454}
    - {x: 0.48383835, y: -0.252191, z: -0.8380335}
    - {x: 0.18080746, y: 0.9323278, z: 0.31316704}
    - {x: 0, y: 0.9664171, z: 0.25697884}
    - {x: 0, y: 0.9323278, z: 0.3616144}
    - {x: 0.49887708, y: 0.8174121, z: 0.28802627}
    - {x: 0.28802675, y: 0.817412, z: 0.4988769}
    - {x: 0, y: 0.8174118, z: 0.5760538}
    - {x: 0.72162455, y: 0.69228464, z: 0}
    - {x: 0.72862846, y: 0.5404945, z: -0.4206737}
    - {x: 0.8590338, y: -0.1268076, z: -0.49596438}
    - {x: 0.8380331, y: -0.2521909, z: -0.48383906}
    - {x: 0.36081225, y: 0.6922848, z: 0.6249449}
    - {x: 0, y: 0.69228464, z: 0.72162455}
    - {x: 0.62494516, y: 0.69228494, z: 0.36081174}
    - {x: 0.8413476, y: 0.54049444, z: -0.00000016889955}
    - {x: 0.9919274, y: -0.12680732, z: 0}
    - {x: 0.96767753, y: -0.25219062, z: 0}
    - {x: 0.7286286, y: 0.5404946, z: 0.42067334}
    - {x: 0.42067382, y: 0.54049456, z: 0.7286283}
    - {x: 0, y: 0.5404944, z: 0.84134763}
    - {x: 0.859034, y: -0.12680781, z: 0.49596408}
    - {x: 0.83803326, y: -0.25219098, z: 0.48383883}
    - {x: 0.4959639, y: -0.1268082, z: 0.859034}
    - {x: 0, y: -0.126808, z: 0.99192727}
    - {x: 0.48383912, y: -0.25219145, z: 0.8380329}
    - {x: 0, y: -0.25219133, z: 0.9676774}
    - {x: 0.22255021, y: 0.96641684, z: -0.12849101}
    - {x: 0.90645576, y: -0.42230076, z: 0}
    - {x: 0.25697908, y: 0.966417, z: 0}
    - {x: 0.7850135, y: -0.42230043, z: -0.4532286}
    - {x: 0.12848945, y: 0.96641725, z: -0.22254944}
    - {x: 0.9051668, y: -0.42505637, z: -0.00000018671756}
    - {x: 0.4532285, y: -0.42230076, z: -0.78501326}
    - {x: 0, y: 0.966417, z: -0.2569788}
    - {x: 0.78389716, y: -0.42505622, z: -0.45258427}
    - {x: 0.98441815, y: -0.17584354, z: 0}
    - {x: 0, y: -0.42230093, z: -0.90645576}
    - {x: -0.12848943, y: 0.96641713, z: -0.22254995}
    - {x: 0.45258385, y: -0.42505658, z: -0.78389716}
    - {x: 0.8525307, y: -0.1758434, z: -0.49220973}
    - {x: 0.9996099, y: 0.027928255, z: 0}
    - {x: -0.45322835, y: -0.42230067, z: -0.78501344}
    - {x: -0.22255027, y: 0.966417, z: -0.12848958}
    - {x: 0, y: -0.42505646, z: -0.9051669}
    - {x: 0.49220896, y: -0.17584342, z: -0.8525312}
    - {x: 0.86568743, y: 0.027928235, z: -0.49980533}
    - {x: 0.96307, y: 0.2692512, z: 0}
    - {x: -0.78501344, y: -0.42230022, z: -0.45322883}
    - {x: -0.25697914, y: 0.9664169, z: 0}
    - {x: -0.9064558, y: -0.4223007, z: 0}
    - {x: -0.4525838, y: -0.42505637, z: -0.78389734}
    - {x: -0.7838972, y: -0.4250562, z: -0.45258415}
    - {x: -0.9051668, y: -0.4250564, z: 0.00000020295383}
    - {x: 0, y: -0.17584354, z: -0.98441815}
    - {x: 0.4998049, y: 0.027928231, z: -0.8656876}
    - {x: 0.83404285, y: 0.26925117, z: -0.48153532}
    - {x: 0.89408755, y: 0.44789225, z: 0}
    - {x: -0.8525309, y: -0.1758436, z: -0.4922094}
    - {x: -0.98441815, y: -0.17584354, z: 0}
    - {x: -0.4922092, y: -0.17584354, z: -0.8525311}
    - {x: 0, y: 0.027928272, z: -0.99961}
    - {x: 0.4815351, y: 0.26925117, z: -0.834043}
    - {x: 0.7743022, y: 0.44789213, z: -0.4470445}
    - {x: -0.00000017472662, y: 1, z: 0.00000027003205}
    - {x: -0.86568743, y: 0.027928226, z: -0.49980533}
    - {x: -0.9996099, y: 0.027928226, z: 0}
    - {x: -0.49980497, y: 0.027928254, z: -0.8656876}
    - {x: 0, y: 0.26925132, z: -0.96307}
    - {x: 0.44704396, y: 0.44789195, z: -0.77430254}
    - {x: -0.834043, y: 0.2692512, z: -0.48153496}
    - {x: -0.96307, y: 0.26925123, z: 0}
    - {x: -0.4815351, y: 0.2692513, z: -0.83404297}
    - {x: 0, y: 0.44789216, z: -0.8940876}
    - {x: -0.44704407, y: 0.44789228, z: -0.77430236}
    - {x: -0.7743025, y: 0.44789234, z: -0.44704375}
    - {x: -0.8940875, y: 0.44789237, z: 0}
    - {x: -0.22255024, y: 0.966417, z: 0.12848958}
    - {x: -0.9064558, y: -0.4223007, z: 0}
    - {x: -0.25697914, y: 0.9664169, z: 0}
    - {x: -0.78501356, y: -0.42230037, z: 0.45322844}
    - {x: -0.12848943, y: 0.96641725, z: 0.22254926}
    - {x: -0.9051668, y: -0.4250564, z: 0.00000020295383}
    - {x: -0.4532287, y: -0.422301, z: 0.78501314}
    - {x: 0, y: 0.9664171, z: 0.25697884}
    - {x: -0.78389716, y: -0.42505625, z: 0.45258418}
    - {x: -0.98441815, y: -0.17584354, z: 0}
    - {x: -0.000000106715774, y: -0.4223006, z: 0.9064559}
    - {x: 0.12848942, y: 0.9664171, z: 0.22255006}
    - {x: -0.45258355, y: -0.42505643, z: 0.78389746}
    - {x: -0.8525308, y: -0.17584346, z: 0.49220973}
    - {x: -0.9996099, y: 0.027928226, z: 0}
    - {x: 0.45322815, y: -0.42230025, z: 0.78501385}
    - {x: 0.22255021, y: 0.96641684, z: 0.12849101}
    - {x: 0, y: -0.42505628, z: 0.905167}
    - {x: -0.4922088, y: -0.17584339, z: 0.8525313}
    - {x: -0.86568743, y: 0.027928218, z: 0.49980533}
    - {x: -0.96307, y: 0.26925123, z: 0}
    - {x: 0.78501344, y: -0.42230025, z: 0.45322892}
    - {x: 0.25697908, y: 0.966417, z: 0}
    - {x: 0.90645576, y: -0.42230076, z: 0}
    - {x: 0.45258412, y: -0.42505634, z: 0.78389716}
    - {x: 0.7838973, y: -0.42505613, z: 0.4525841}
    - {x: 0.9051668, y: -0.42505637, z: -0.00000018671756}
    - {x: 0, y: -0.17584354, z: 0.98441815}
    - {x: -0.49980485, y: 0.027928224, z: 0.86568767}
    - {x: -0.834043, y: 0.2692511, z: 0.4815351}
    - {x: -0.8940875, y: 0.44789237, z: 0}
    - {x: 0.8525309, y: -0.17584352, z: 0.4922094}
    - {x: 0.98441815, y: -0.17584354, z: 0}
    - {x: 0.4922094, y: -0.17584357, z: 0.8525309}
    - {x: 0, y: 0.027928242, z: 0.99961}
    - {x: -0.48153502, y: 0.26925108, z: 0.83404315}
    - {x: -0.7743022, y: 0.44789207, z: 0.4470445}
    - {x: -0.00000017472662, y: 1, z: 0.00000027003205}
    - {x: 0.86568743, y: 0.027928213, z: 0.49980533}
    - {x: 0.9996099, y: 0.027928255, z: 0}
    - {x: 0.49980497, y: 0.02792818, z: 0.8656876}
    - {x: 0, y: 0.2692511, z: 0.96307}
    - {x: -0.44704348, y: 0.4478916, z: 0.77430314}
    - {x: 0.8340428, y: 0.26925108, z: 0.48153546}
    - {x: 0.96307, y: 0.2692512, z: 0}
    - {x: 0.48153487, y: 0.26925096, z: 0.8340432}
    - {x: 0, y: 0.4478919, z: 0.89408773}
    - {x: 0.44704366, y: 0.4478918, z: 0.77430284}
    - {x: 0.7743021, y: 0.44789204, z: 0.4470447}
    - {x: 0.89408755, y: 0.44789225, z: 0}
    - {x: -0.5579276, y: -0.179619, z: -0.81021845}
    - {x: -0.2647337, y: -0.39741755, z: -0.8786212}
    - {x: -0.47040054, y: -0.70616376, z: -0.5292034}
    - {x: -0.745825, y: -0.45756516, z: -0.4841271}
    - {x: -0.5543944, y: -0.8322541, z: 0}
    - {x: -0.32741812, y: 0.17560278, z: -0.9284186}
    - {x: -0.010745333, y: -0.016130758, z: -0.9998122}
    - {x: -0.8223453, y: -0.5689887, z: 0}
    - {x: -0.47040057, y: -0.7061637, z: 0.52920336}
    - {x: -0.10053339, y: 0.54650587, z: -0.831399}
    - {x: 0.24706884, y: 0.3708974, z: -0.8952051}
    - {x: -0.74582493, y: -0.45756534, z: 0.48412713}
    - {x: -0.26473382, y: -0.39741758, z: 0.8786212}
    - {x: 0.08041152, y: 0.85839057, z: -0.50665545}
    - {x: 0.46324193, y: 0.6954143, z: -0.5493687}
    - {x: -0.5579276, y: -0.17961906, z: 0.8102183}
    - {x: -0.010745394, y: -0.016130768, z: 0.9998122}
    - {x: 0.15363482, y: 0.98812765, z: -0.00000014697407}
    - {x: 0.5543957, y: 0.8322532, z: 0}
    - {x: -0.32741803, y: 0.17560284, z: 0.9284186}
    - {x: 0.2470687, y: 0.37089732, z: 0.8952051}
    - {x: 0.08041159, y: 0.85839057, z: 0.50665534}
    - {x: 0.46324182, y: 0.69541425, z: 0.54936874}
    - {x: -0.10053318, y: 0.5465058, z: 0.8313991}
    - {x: -0.09707538, y: 0.8608348, z: -0.49953958}
    - {x: -0.3108329, y: 0.5577239, z: -0.76962787}
    - {x: -0.0019905742, y: 0.999998, z: -0.00000022007195}
    - {x: 0.14499782, y: 0.8210656, z: 0.5521113}
    - {x: -0.54601514, y: 0.24034512, z: -0.8025595}
    - {x: -0.3108326, y: 0.557724, z: 0.76962787}
    - {x: -0.546015, y: 0.24034522, z: 0.80255955}
    - {x: -0.75523204, y: -0.027950184, z: -0.65486133}
    - {x: -0.7552321, y: -0.027950242, z: 0.6548613}
    - {x: -0.90499365, y: -0.21223561, z: -0.36870378}
    - {x: -0.90499365, y: -0.21223582, z: 0.36870375}
    - {x: -0.96035063, y: -0.27879503, z: 0}
    - {x: -0.9392439, y: 0.24758016, z: -0.23774974}
    - {x: -0.3339099, y: 0.884648, z: 0.32542613}
    - {x: -0.49510765, y: 0.7026485, z: 0.5110318}
    - {x: -0.833984, y: 0.3675433, z: -0.41156113}
    - {x: -0.67294145, y: 0.497612, z: 0.5472952}
    - {x: -0.9791364, y: 0.2032041, z: -0.0000002845704}
    - {x: -0.25648078, y: 0.96653676, z: 0.004932721}
    - {x: -0.6943424, y: 0.5342603, z: -0.48213553}
    - {x: -0.8317215, y: 0.31078583, z: 0.4600561}
    - {x: -0.9392437, y: 0.24758124, z: 0.23774946}
    - {x: 0.039174836, y: 0.8865783, z: -0.46091664}
    - {x: -0.5532245, y: 0.7127797, z: -0.4311471}
    - {x: -0.9479998, y: 0.16982368, z: 0.26917714}
    - {x: -0.83398384, y: 0.36754403, z: 0.4115609}
    - {x: -0.47117054, y: 0.7035849, z: -0.53194606}
    - {x: -0.44428685, y: 0.85782444, z: -0.25835308}
    - {x: -0.99409723, y: 0.10840779, z: 0.0042991065}
    - {x: -0.6943426, y: 0.53426033, z: 0.482135}
    - {x: -0.65775806, y: 0.48533222, z: -0.5760269}
    - {x: -0.4021401, y: 0.9155782, z: -0.0000007878391}
    - {x: -0.9506679, y: 0.15154788, z: -0.27067265}
    - {x: -0.55322474, y: 0.71277976, z: 0.43114662}
    - {x: -0.8283839, y: 0.28883356, z: -0.47995332}
    - {x: -0.444287, y: 0.85782474, z: 0.25835222}
    - {x: -0.53063595, y: -0.14181739, z: 0.83565146}
    - {x: -0.21224077, y: 0.17531076, z: 0.9613636}
    - {x: 0.10887123, y: 0.5053749, z: 0.85600424}
    - {x: 0.36423227, y: 0.7756033, z: 0.51553303}
    - {x: 0.46580702, y: 0.8848863, z: -0.00000034398693}
    - {x: 0.36423236, y: 0.775603, z: -0.51553345}
    - {x: -0.77977014, y: -0.38442755, z: 0.49413973}
    - {x: 0.108871385, y: 0.5053747, z: -0.85600436}
    - {x: -0.8778194, y: -0.47899184, z: 0}
    - {x: -0.2122406, y: 0.17531039, z: -0.96136373}
    - {x: -0.77976996, y: -0.38442782, z: -0.49413964}
    - {x: -0.53063565, y: -0.14181791, z: -0.83565146}
    - {x: 0.7919728, y: 0.3665872, z: -0.48825493}
    - {x: 0.54638785, y: 0.12743215, z: -0.82778096}
    - {x: 0.23121299, y: -0.18724732, z: -0.9547141}
    - {x: -0.08739786, y: -0.5166107, z: -0.85174817}
    - {x: -0.34096602, y: -0.78735286, z: -0.5136319}
    - {x: -0.44184887, y: -0.89708954, z: 0}
    - {x: 0.88825864, y: 0.45934373, z: 0}
    - {x: -0.34096584, y: -0.78735304, z: 0.51363164}
    - {x: 0.79197294, y: 0.36658704, z: 0.48825496}
    - {x: -0.08739798, y: -0.516611, z: 0.8517481}
    - {x: 0.5463879, y: 0.1274321, z: 0.82778096}
    - {x: 0.23121305, y: -0.18724732, z: 0.9547141}
    - {x: -0.40615305, y: -0.9138051, z: 0}
    - {x: -0.3061034, y: -0.8002942, z: 0.515587}
    - {x: -0.3061034, y: -0.80029404, z: -0.5155872}
    - {x: -0.05748846, y: -0.5252793, z: 0.8489857}
    - {x: 0.25294915, y: -0.19575562, z: 0.9474684}
    - {x: -0.057488196, y: -0.52527905, z: -0.84898585}
    - {x: 0.56105864, y: 0.11719507, z: 0.8194379}
    - {x: 0.71959955, y: 0.47457066, z: 0.50691146}
    - {x: 0.25294954, y: -0.19575556, z: -0.94746834}
    - {x: 0.8960445, y: 0.44396412, z: 0}
    - {x: 0.56105876, y: 0.11719516, z: -0.8194378}
    - {x: 0.80184793, y: 0.35331768, z: -0.4818781}
--- !u!1 &7821723575867330020
GameObject:
  m_ObjectHideFlags: 0
  m_CorrespondingSourceObject: {fileID: 0}
  m_PrefabInstance: {fileID: 0}
  m_PrefabAsset: {fileID: 0}
  serializedVersion: 6
  m_Component:
  - component: {fileID: 4168296393956890676}
  - component: {fileID: 6202783179065385147}
  m_Layer: 0
  m_Name: Kettle SFX
  m_TagString: Untagged
  m_Icon: {fileID: 0}
  m_NavMeshLayer: 0
  m_StaticEditorFlags: 0
  m_IsActive: 1
--- !u!4 &4168296393956890676
Transform:
  m_ObjectHideFlags: 0
  m_CorrespondingSourceObject: {fileID: 0}
  m_PrefabInstance: {fileID: 0}
  m_PrefabAsset: {fileID: 0}
  m_GameObject: {fileID: 7821723575867330020}
  m_LocalRotation: {x: -0, y: -0, z: -0, w: 1}
  m_LocalPosition: {x: 0, y: 1, z: 0}
  m_LocalScale: {x: 1, y: 1, z: 1}
  m_Children: []
  m_Father: {fileID: 5715838720278130719}
  m_RootOrder: 3
  m_LocalEulerAnglesHint: {x: 0, y: 0, z: 0}
--- !u!82 &6202783179065385147
AudioSource:
  m_ObjectHideFlags: 0
  m_CorrespondingSourceObject: {fileID: 0}
  m_PrefabInstance: {fileID: 0}
  m_PrefabAsset: {fileID: 0}
  m_GameObject: {fileID: 7821723575867330020}
  m_Enabled: 1
  serializedVersion: 4
  OutputAudioMixerGroup: {fileID: 0}
  m_audioClip: {fileID: 8300000, guid: 59983a82b91823044a35d5e9a7b8ed0c, type: 3}
  m_PlayOnAwake: 0
  m_Volume: 1
  m_Pitch: 1
  Loop: 1
  Mute: 0
  Spatialize: 0
  SpatializePostEffects: 0
  Priority: 128
  DopplerLevel: 1
  MinDistance: 1
  MaxDistance: 500
  Pan2D: 0
  rolloffMode: 0
  BypassEffects: 0
  BypassListenerEffects: 0
  BypassReverbZones: 0
  rolloffCustomCurve:
    serializedVersion: 2
    m_Curve:
    - serializedVersion: 3
      time: 0
      value: 1
      inSlope: 0
      outSlope: 0
      tangentMode: 0
      weightedMode: 0
      inWeight: 0.33333334
      outWeight: 0.33333334
    - serializedVersion: 3
      time: 1
      value: 0
      inSlope: 0
      outSlope: 0
      tangentMode: 0
      weightedMode: 0
      inWeight: 0.33333334
      outWeight: 0.33333334
    m_PreInfinity: 2
    m_PostInfinity: 2
    m_RotationOrder: 4
  panLevelCustomCurve:
    serializedVersion: 2
    m_Curve:
    - serializedVersion: 3
      time: 0
      value: 1
      inSlope: 0
      outSlope: 0
      tangentMode: 0
      weightedMode: 0
      inWeight: 0.33333334
      outWeight: 0.33333334
    m_PreInfinity: 2
    m_PostInfinity: 2
    m_RotationOrder: 4
  spreadCustomCurve:
    serializedVersion: 2
    m_Curve:
    - serializedVersion: 3
      time: 0
      value: 0
      inSlope: 0
      outSlope: 0
      tangentMode: 0
      weightedMode: 0
      inWeight: 0.33333334
      outWeight: 0.33333334
    m_PreInfinity: 2
    m_PostInfinity: 2
    m_RotationOrder: 4
  reverbZoneMixCustomCurve:
    serializedVersion: 2
    m_Curve:
    - serializedVersion: 3
      time: 0
      value: 1
      inSlope: 0
      outSlope: 0
      tangentMode: 0
      weightedMode: 0
      inWeight: 0.33333334
      outWeight: 0.33333334
    m_PreInfinity: 2
    m_PostInfinity: 2
    m_RotationOrder: 4
--- !u!1 &7950206650498892591
GameObject:
  m_ObjectHideFlags: 0
  m_CorrespondingSourceObject: {fileID: 0}
  m_PrefabInstance: {fileID: 0}
  m_PrefabAsset: {fileID: 0}
  serializedVersion: 6
  m_Component:
  - component: {fileID: 5120337033761005201}
  - component: {fileID: 283836074397117965}
  - component: {fileID: 6623152217209690787}
  m_Layer: 0
  m_Name: Trap Activator
  m_TagString: Untagged
  m_Icon: {fileID: 0}
  m_NavMeshLayer: 0
  m_StaticEditorFlags: 0
  m_IsActive: 1
--- !u!4 &5120337033761005201
Transform:
  m_ObjectHideFlags: 0
  m_CorrespondingSourceObject: {fileID: 0}
  m_PrefabInstance: {fileID: 0}
  m_PrefabAsset: {fileID: 0}
  m_GameObject: {fileID: 7950206650498892591}
  m_LocalRotation: {x: 0, y: 0, z: 0, w: 1}
  m_LocalPosition: {x: 0, y: 0, z: 0}
  m_LocalScale: {x: 1, y: 1, z: 1}
  m_Children: []
  m_Father: {fileID: 5715838720278130719}
  m_RootOrder: 1
  m_LocalEulerAnglesHint: {x: 0, y: 0, z: 0}
--- !u!114 &283836074397117965
MonoBehaviour:
  m_ObjectHideFlags: 0
  m_CorrespondingSourceObject: {fileID: 0}
  m_PrefabInstance: {fileID: 0}
  m_PrefabAsset: {fileID: 0}
  m_GameObject: {fileID: 7950206650498892591}
  m_Enabled: 1
  m_EditorHideFlags: 0
  m_Script: {fileID: 11500000, guid: ddc37aedd42e10c4bb92562df045e386, type: 3}
  m_Name: 
  m_EditorClassIdentifier: 
  _interactableCollider: {fileID: 6623152217209690787}
  _onInteractEvent:
    _PersistentCalls: []
  _onChangeHighlightEvent:
    _PersistentCalls: []
  _onHighlightEvent:
    _PersistentCalls:
    - _Target: {fileID: 184834332924940406}
      _MethodName: set_OutlineColor
      _PersistentArguments:
      - _Type: 10
        _Int: 0
        _String: 
        _X: 0.18422928
        _Y: 0.8679245
        _Z: 0.3969787
        _W: 1
        _Object: {fileID: 0}
  _onUnHighlightEvent:
    _PersistentCalls:
    - _Target: {fileID: 184834332924940406}
      _MethodName: set_OutlineColor
      _PersistentArguments:
      - _Type: 10
        _Int: 0
        _String: 
        _X: 1
        _Y: 0.6971046
        _Z: 0.2235294
        _W: 1
        _Object: {fileID: 0}
  _initiallyActive: 0
  OnPressed:
    _PersistentCalls:
    - _Target: {fileID: 9103183259956382855}
      _MethodName: Play
      _PersistentArguments: []
  OnActivate:
    _PersistentCalls:
    - _Target: {fileID: 6202783179065385147}
      _MethodName: Play
      _PersistentArguments: []
  OnDeactivate:
    _PersistentCalls: []
--- !u!65 &6623152217209690787
BoxCollider:
  m_ObjectHideFlags: 0
  m_CorrespondingSourceObject: {fileID: 0}
  m_PrefabInstance: {fileID: 0}
  m_PrefabAsset: {fileID: 0}
  m_GameObject: {fileID: 7950206650498892591}
  m_Material: {fileID: 0}
  m_IsTrigger: 0
  m_Enabled: 1
  serializedVersion: 2
  m_Size: {x: 0.54806614, y: 0.529886, z: 0.49}
  m_Center: {x: 0.061560154, y: 0.010673106, z: 0}
--- !u!1001 &2781100980301226990
PrefabInstance:
  m_ObjectHideFlags: 0
  serializedVersion: 2
  m_Modification:
    m_TransformParent: {fileID: 5715838720278130719}
    m_Modifications:
    - target: {fileID: -4216859302048453862, guid: a3a51b76a9086b24eac344c01d517c24,
        type: 3}
      propertyPath: m_LocalPosition.x
      value: 0
      objectReference: {fileID: 0}
    - target: {fileID: -4216859302048453862, guid: a3a51b76a9086b24eac344c01d517c24,
        type: 3}
      propertyPath: m_LocalPosition.y
      value: 0
      objectReference: {fileID: 0}
    - target: {fileID: -4216859302048453862, guid: a3a51b76a9086b24eac344c01d517c24,
        type: 3}
      propertyPath: m_LocalPosition.z
      value: 0
      objectReference: {fileID: 0}
    - target: {fileID: -4216859302048453862, guid: a3a51b76a9086b24eac344c01d517c24,
        type: 3}
      propertyPath: m_LocalRotation.x
      value: -0
      objectReference: {fileID: 0}
    - target: {fileID: -4216859302048453862, guid: a3a51b76a9086b24eac344c01d517c24,
        type: 3}
      propertyPath: m_LocalRotation.y
      value: -0.7071068
      objectReference: {fileID: 0}
    - target: {fileID: -4216859302048453862, guid: a3a51b76a9086b24eac344c01d517c24,
        type: 3}
      propertyPath: m_LocalRotation.z
      value: -0
      objectReference: {fileID: 0}
    - target: {fileID: -4216859302048453862, guid: a3a51b76a9086b24eac344c01d517c24,
        type: 3}
      propertyPath: m_LocalRotation.w
      value: 0.7071068
      objectReference: {fileID: 0}
    - target: {fileID: -4216859302048453862, guid: a3a51b76a9086b24eac344c01d517c24,
        type: 3}
      propertyPath: m_RootOrder
      value: 0
      objectReference: {fileID: 0}
    - target: {fileID: -4216859302048453862, guid: a3a51b76a9086b24eac344c01d517c24,
        type: 3}
      propertyPath: m_LocalEulerAnglesHint.x
      value: 0
      objectReference: {fileID: 0}
    - target: {fileID: -4216859302048453862, guid: a3a51b76a9086b24eac344c01d517c24,
        type: 3}
      propertyPath: m_LocalEulerAnglesHint.y
      value: -90
      objectReference: {fileID: 0}
    - target: {fileID: -4216859302048453862, guid: a3a51b76a9086b24eac344c01d517c24,
        type: 3}
      propertyPath: m_LocalEulerAnglesHint.z
      value: 0
      objectReference: {fileID: 0}
    - target: {fileID: -4216859302048453862, guid: a3a51b76a9086b24eac344c01d517c24,
        type: 3}
      propertyPath: m_LocalScale.x
      value: 1
      objectReference: {fileID: 0}
    - target: {fileID: -4216859302048453862, guid: a3a51b76a9086b24eac344c01d517c24,
        type: 3}
      propertyPath: m_LocalScale.y
      value: 1
      objectReference: {fileID: 0}
    - target: {fileID: -4216859302048453862, guid: a3a51b76a9086b24eac344c01d517c24,
        type: 3}
      propertyPath: m_LocalScale.z
      value: 1
      objectReference: {fileID: 0}
    - target: {fileID: -1504981713932161579, guid: a3a51b76a9086b24eac344c01d517c24,
        type: 3}
      propertyPath: m_Materials.Array.data[0]
      value: 
      objectReference: {fileID: 2100000, guid: 6455a559a33def34298de07090462306, type: 2}
    - target: {fileID: -927199367670048503, guid: a3a51b76a9086b24eac344c01d517c24,
        type: 3}
      propertyPath: m_Name
      value: SM_Kettle
      objectReference: {fileID: 0}
    - target: {fileID: 7238585696888914078, guid: a3a51b76a9086b24eac344c01d517c24,
        type: 3}
      propertyPath: m_LocalRotation.y
      value: 0
      objectReference: {fileID: 0}
    - target: {fileID: 7238585696888914078, guid: a3a51b76a9086b24eac344c01d517c24,
        type: 3}
      propertyPath: m_LocalRotation.z
      value: 0
      objectReference: {fileID: 0}
    - target: {fileID: 7238585696888914078, guid: a3a51b76a9086b24eac344c01d517c24,
        type: 3}
      propertyPath: m_LocalPosition.x
      value: 0
      objectReference: {fileID: 0}
    - target: {fileID: 7238585696888914078, guid: a3a51b76a9086b24eac344c01d517c24,
        type: 3}
      propertyPath: m_LocalPosition.y
      value: 0
      objectReference: {fileID: 0}
    m_RemovedComponents: []
  m_SourcePrefab: {fileID: 100100000, guid: a3a51b76a9086b24eac344c01d517c24, type: 3}
--- !u!1 &6177137195344149223 stripped
GameObject:
  m_CorrespondingSourceObject: {fileID: -927199367670048503, guid: a3a51b76a9086b24eac344c01d517c24,
    type: 3}
  m_PrefabInstance: {fileID: 2781100980301226990}
  m_PrefabAsset: {fileID: 0}
--- !u!4 &7197526629265033460 stripped
Transform:
  m_CorrespondingSourceObject: {fileID: -4216859302048453862, guid: a3a51b76a9086b24eac344c01d517c24,
    type: 3}
  m_PrefabInstance: {fileID: 2781100980301226990}
  m_PrefabAsset: {fileID: 0}
