%YAML 1.1
%TAG !u! tag:unity3d.com,2011:
--- !u!1 &7645441096849967816
GameObject:
  m_ObjectHideFlags: 0
  m_CorrespondingSourceObject: {fileID: 0}
  m_PrefabInstance: {fileID: 0}
  m_PrefabAsset: {fileID: 0}
  serializedVersion: 6
  m_Component:
  - component: {fileID: 7645441096849967862}
  - component: {fileID: 7645441096849967863}
  - component: {fileID: 7645441096849967860}
  - component: {fileID: 7645441096849967818}
  - component: {fileID: 1348649045421167275}
  - component: {fileID: 8702483156041618781}
  - component: {fileID: 4254776863366630188}
  m_Layer: 0
  m_Name: Breakable Item Base
  m_TagString: Untagged
  m_Icon: {fileID: 0}
  m_NavMeshLayer: 0
  m_StaticEditorFlags: 0
  m_IsActive: 1
--- !u!4 &7645441096849967862
Transform:
  m_ObjectHideFlags: 0
  m_CorrespondingSourceObject: {fileID: 0}
  m_PrefabInstance: {fileID: 0}
  m_PrefabAsset: {fileID: 0}
  m_GameObject: {fileID: 7645441096849967816}
  m_LocalRotation: {x: 0, y: 0, z: 0, w: 1}
  m_LocalPosition: {x: -2.98, y: 1.41, z: 0.94}
  m_LocalScale: {x: 0.2, y: 0.2, z: 0.2}
  m_Children: []
  m_Father: {fileID: 0}
  m_RootOrder: 0
  m_LocalEulerAnglesHint: {x: 0, y: 0, z: 0}
--- !u!33 &7645441096849967863
MeshFilter:
  m_ObjectHideFlags: 0
  m_CorrespondingSourceObject: {fileID: 0}
  m_PrefabInstance: {fileID: 0}
  m_PrefabAsset: {fileID: 0}
  m_GameObject: {fileID: 7645441096849967816}
  m_Mesh: {fileID: 0}
--- !u!23 &7645441096849967860
MeshRenderer:
  m_ObjectHideFlags: 0
  m_CorrespondingSourceObject: {fileID: 0}
  m_PrefabInstance: {fileID: 0}
  m_PrefabAsset: {fileID: 0}
  m_GameObject: {fileID: 7645441096849967816}
  m_Enabled: 1
  m_CastShadows: 1
  m_ReceiveShadows: 1
  m_DynamicOccludee: 1
  m_MotionVectors: 1
  m_LightProbeUsage: 1
  m_ReflectionProbeUsage: 1
  m_RayTracingMode: 2
  m_RenderingLayerMask: 1
  m_RendererPriority: 0
  m_Materials:
  - {fileID: 0}
  m_StaticBatchInfo:
    firstSubMesh: 0
    subMeshCount: 0
  m_StaticBatchRoot: {fileID: 0}
  m_ProbeAnchor: {fileID: 0}
  m_LightProbeVolumeOverride: {fileID: 0}
  m_ScaleInLightmap: 1
  m_ReceiveGI: 1
  m_PreserveUVs: 0
  m_IgnoreNormalsForChartDetection: 0
  m_ImportantGI: 0
  m_StitchLightmapSeams: 1
  m_SelectedEditorRenderState: 3
  m_MinimumChartSize: 4
  m_AutoUVMaxDistance: 0.5
  m_AutoUVMaxAngle: 89
  m_LightmapParameters: {fileID: 0}
  m_SortingLayerID: 0
  m_SortingLayer: 0
  m_SortingOrder: 0
--- !u!54 &7645441096849967818
Rigidbody:
  m_ObjectHideFlags: 0
  m_CorrespondingSourceObject: {fileID: 0}
  m_PrefabInstance: {fileID: 0}
  m_PrefabAsset: {fileID: 0}
  m_GameObject: {fileID: 7645441096849967816}
  serializedVersion: 2
  m_Mass: 0.2
  m_Drag: 0
  m_AngularDrag: 0.05
  m_UseGravity: 1
  m_IsKinematic: 0
  m_Interpolate: 0
  m_Constraints: 0
  m_CollisionDetection: 3
--- !u!64 &1348649045421167275
MeshCollider:
  m_ObjectHideFlags: 0
  m_CorrespondingSourceObject: {fileID: 0}
  m_PrefabInstance: {fileID: 0}
  m_PrefabAsset: {fileID: 0}
  m_GameObject: {fileID: 7645441096849967816}
  m_Material: {fileID: 0}
  m_IsTrigger: 0
  m_Enabled: 1
  serializedVersion: 3
  m_Convex: 1
  m_CookingOptions: 30
  m_Mesh: {fileID: 10202, guid: 0000000000000000e000000000000000, type: 0}
--- !u!114 &8702483156041618781
MonoBehaviour:
  m_ObjectHideFlags: 0
  m_CorrespondingSourceObject: {fileID: 0}
  m_PrefabInstance: {fileID: 0}
  m_PrefabAsset: {fileID: 0}
  m_GameObject: {fileID: 7645441096849967816}
  m_Enabled: 1
  m_EditorHideFlags: 0
  m_Script: {fileID: 11500000, guid: c7af7c026b27df342ac30fb0cf980d41, type: 3}
  m_Name: 
  m_EditorClassIdentifier: 
  _itemBody: {fileID: 7645441096849967818}
  OnPickup:
    _PersistentCalls:
    - _Target: {fileID: 1348649045421167275}
      _MethodName: set_isTrigger
      _PersistentArguments:
      - _Type: 1
        _Int: 1
        _String: 
        _X: 0
        _Y: 0
        _Z: 0
        _W: 0
        _Object: {fileID: 0}
  OnHeld:
    _PersistentCalls: []
  OnDisarm:
    _PersistentCalls:
    - _Target: {fileID: 1348649045421167275}
      _MethodName: set_isTrigger
      _PersistentArguments:
      - _Type: 1
        _Int: 0
        _String: 
        _X: 0
        _Y: 0
        _Z: 0
        _W: 0
        _Object: {fileID: 0}
  OnDrop:
    _PersistentCalls: []
  OnThrow:
    _PersistentCalls: []
  _onInteractEvent:
    _PersistentCalls: []
  _onChangeHighlightEvent:
    _PersistentCalls: []
  _onHighlightEvent:
    _PersistentCalls:
    - _Target: {fileID: 4254776863366630188}
      _MethodName: set_OutlineColor
      _PersistentArguments:
      - _Type: 10
        _Int: 0
        _String: 
        _X: 1
        _Y: 1
        _Z: 1
        _W: 1
        _Object: {fileID: 0}
  _onUnHighlightEvent:
    _PersistentCalls:
    - _Target: {fileID: 4254776863366630188}
      _MethodName: set_OutlineColor
      _PersistentArguments:
      - _Type: 10
        _Int: 0
        _String: 
        _X: 1
        _Y: 0.28235295
        _Z: 0.22352943
        _W: 1
        _Object: {fileID: 0}
  _spawnPrefab: {fileID: 0}
  _breakableItemColliders:
  - {fileID: 1348649045421167275}
  OnBreak:
    _PersistentCalls: []
--- !u!114 &4254776863366630188
MonoBehaviour:
  m_ObjectHideFlags: 0
  m_CorrespondingSourceObject: {fileID: 0}
  m_PrefabInstance: {fileID: 0}
  m_PrefabAsset: {fileID: 0}
  m_GameObject: {fileID: 7645441096849967816}
  m_Enabled: 1
  m_EditorHideFlags: 0
  m_Script: {fileID: 11500000, guid: 5fea29bb7c508c244a1f805a5fd3fc4d, type: 3}
  m_Name: 
  m_EditorClassIdentifier: 
  outlineMode: 3
  outlineColor: {r: 1, g: 0.2819294, b: 0.2216981, a: 1}
  outlineWidth: 1
  precomputeOutline: 0
  bakeKeys: []
  bakeValues: []
